4867 5875
1355 1287 2149 1440 Observationes
2218 1289 2649 1446 criticae
2714 1287 2857 1398 ad
2922 1288 3505 1402 Vitruvium

2319 1519 2555 1578 auctore

2090 1674 2334 1760 carolo
2397 1675 2789 1764 torontzon.

721 2070 992 2162 Oblata
1041 2073 1178 2150 hac
1227 2075 1596 2150 scribendi
1645 2075 2032 2150 occasione
2085 2075 2192 2150 ita
2238 2087 2441 2165 utar,
2510 2088 2589 2152 ut
2658 2101 2875 2175 quam
2938 2078 3297 2152 rationem
3348 2077 3421 2150 in
3474 2077 3814 2154 Vitruvio
3882 2077 4339 2154 emendando

519 2219 814 2284 secutus
839 2209 973 2284 sim
1013 2210 1264 2308 paucis
1311 2209 1666 2309 exemplis
1711 2209 2224 2285 demonstrem.
2315 2209 2503 2284 Cum
2544 2211 2822 2286 Romae
2866 2237 3326 2288 commorans
3374 2211 3451 2286 in
3496 2225 3973 2288 monumenta
4000 2225 4335 2289 veterum

516 2341 1080 2418 architectonica
1130 2342 1450 2450 studium
1503 2370 1746 2420 meum
1809 2345 2313 2436 contulissem,
2377 2346 2555 2420 fieri‘
2620 2371 2771 2420 non
2848 2347 3107 2446 potuit,
3165 2347 3337 2444 quin
3398 2348 3691 2449 saepius
3739 2345 4053 2424 Vitruvii
4110 2348 4341 2424 libros

515 2477 810 2570 adirem,
873 2480 998 2578 qui
1041 2481 1178 2554 soli
1225 2479 1440 2554 nobis
1489 2481 1722 2556 relicti
1773 2492 1945 2555 sunt
1991 2479 2084 2554 de
2128 2481 2616 2555 architectura
2666 2479 2945 2557 Graeca
3001 2491 3219 2580 atque
3271 2480 3624 2556 Romana.
3730 2481 4029 2558 Talibus
4074 2483 4335 2558 studiis

514 2624 916 2713 occupatus
961 2614 1174 2688 facile
1220 2615 1584 2714 perspexi,
1638 2625 2087 2714 quantopere
2129 2615 2350 2690 etiam
2391 2627 2563 2714 post
2602 2611 2992 2690 Seleucida-i
3018 2627 3093 2690 et
3137 2613 3429 2690 Mar-inii
3478 2640 3690 2691 curas
3738 2615 4051 2692 Vitruvii
4086 2629 4337 2694 textus

515 2759 592 2822 et
639 2748 1010 2824 erroribus
1059 2759 1136 2822 et
1181 2750 1864 2848 interpolationibus
1927 2751 2022 2825 sit
2065 2750 2518 2848 'inquinatus
2624 2750 2812 2825 Cum
2877 2750 3096 2850 igitur
3155 2774 3394 2824 novae
3465 2751 3908 2826 recensionis
3965 2751 4337 2850 parandae

517 2883 896 2959 consilium
942 2885 1296 2984 cepissem
1313 2941 1332 2976 ,
1413 2887 1716 2988 contigit
1775 2885 1972 2979 mihi,
2041 2896 2124 2961 ut
2169 2884 2456 2959 Aemilio
2498 2882 2833 2974 Braunio,
2891 2885 3097 2960 cuius
3147 2895 3681 2985 praematuram
3730 2897 4041 2965 mortem
4101 2863 4349 2988 nuper

515 3044 768 3093 omnes
801 3020 1174 3095 bonarum
1225 3020 1506 3095 'artium
1553 3020 1860 3097 studiosi
1941 3020 2543 3120 deploraverunt,
2627 3020 3309 3096 benevolentissime
3368 3020 3861 3095 intercedente
3922 3020 4333 3097 uberrimus

515 3156 908 3253 apparatus
948 3156 1274 3249 criticus,
1321 3180 1538 3254 quem
1583 3156 1904 3232 Aloisius
1951 3154 2206 3230 Marini
2255 3180 2654 3255 permagno
2688 3167 2981 3254 sumptu
3028 3164 3247 3253 atque
3291 3154 3543 3229 labore
3590 3155 3729 3230 sibi
3760 3168 4333 3256 comparaverat,

511 3289 606 3363 ab
652 3290 808 3363 eius
851 3290 1004 3365 filio
1051 3315 1336 3365 summa
1391 3315 1556 3365 cum
1597 3291 2029 3367 liberalitate
2075 3288 2392 3365 utendus
2433 3290 2607 3365 mihi
2650 3288 3196 3365 concederetur.
3282 3289 3465 3390 ,Ipse
3514 3270 3775 3389 postea
3820 3315 4007 3388 quae
4062 3291 4136 3364 in
4186 3292 4333 3365 hoc

513 3438 868 3523 apparatu
935 3424 1555 3518 desiderabantur,
1621 3426 1866 3523 quoad
1919 3426 2146 3525 potui,
2193 3426 2531 3525 supplere
2579 3424 2859 3516 studui,
2929 3449 3076 3523 qua
3122 3426 3197 3498 in
3240 3450 3344 3513 re,
3392 3426 3735 3522 quoniam
3784 3425 4075 3501 codices
4111 3427 4331 3529 longe

510 3560 767 3659 optimi
819 3571 894 3635 et
936 3560 1226 3659 plurimi
1271 3560 1554 3666 Romae
1609 3572 2098 3648 asservantur,
2135 3584 2286 3634 non
2327 3562 2483 3642 sine
2531 3584 2873 3635 successu
2924 3559 3417 3634 elaboravisse
3458 3560 3635 3634 mihi
3674 3559 3952 3634 videor.

711 3690 846 3769 Est
894 3692 1278 3769 Vitruvius
1337 3696 1414 3769 in
1470 3720 1778 3771 numero
1846 3721 2100 3771 eorum
2155 3695 2591 3794 scriptorum
2613 3752 2631 3787 ,
2700 3696 2823 3793 qui
2890 3693 3172 3769 decimo
3225 3696 3477 3792 quinto
3522 3696 3976 3793 potissimum
4032 3696 4327 3771 saeculo

507 3830 818 3905 multum
866 3828 942 3902 in
985 3826 1194 3905 Italia
1237 3830 1744 3907 lectitabantur
1791 3855 2096 3928 eamque
2138 3830 2236 3904 ob
2283 3854 2579 3905 causam
2622 3854 2839 3929 saepe
2891 3828 3505 3904 describebantur.
3612 3827 3819 3903 Unde
3862 3831 4135 3904 factum
4192 3841 4325 3922 est,

511 3975 594 4037 ut
633 3978 941 4069 magnus
993 3963 1330 4039 codicum
1393 3990 1740 4041 numerus
1807 3965 1902 4040 ad
1968 3976 2298 4040 nostram
2357 3976 2671 4040 aetatem
2732 3966 3167 4063 perveniret.
3284 3962 3764 4039 Innotuerunt
3809 3964 3983 4037 mihi
4034 3963 4327 4060 quidem

507 4097 674 4195 plus
741 4099 1263 4199 quinquaginta
1323 4100 1644 4193 codices,
1713 4125 2024 4199 quorum
2089 4100 2344 4200 viginti
2397 4099 2713 4197 quinque
2778 4099 2853 4171 in
2922 4098 3379 4173 bibliothecis
3443 4098 3788 4172 Romanis
3836 4097 4321 4189 inveniuntur.

509 4214 783 4308 Omnes
835 4246 1076 4309 autem
1127 4237 1266 4310 hos
1329 4234 1554 4311 libros
1601 4236 2134 4335 manuscriptos
2189 4260 2283 4309 ex
2343 4259 2493 4308 uno
2544 4234 2949 4330 eodemque
2992 4236 3195 4309 fonte
3256 4233 3623 4309 derivatos
3675 4258 3833 4307 esse
3894 4234 4014 4307 vel
4078 4258 4173 4306 ex
4236 4234 4323 4309 iis

505 4390 692 4464 quae
749 4379 1007 4465 postea
1064 4396 1473 4469 proponam
1521 4371 1870 4470 exemplis
1925 4369 2137 4444 facile
2197 4368 2676 4443 demonstrari
2737 4380 3001 4468 potest.
3108 4366 3291 4443 Sunt
3348 4368 3539 4441 enim
3608 4368 4001 4442 nonnullae
4066 4380 4141 4443 et
4202 4369 4325 4443 vel

497 4501 970 4601 gravissimae
1017 4504 1494 4603 corruptelae,
1546 4530 1734 4603 quae
1767 4504 2065 4581 eaedem
2095 4506 2169 4577 in
2205 4503 2543 4579 omnibus
2576 4502 2953 4577 codicibus
2990 4504 3473 4577 inveniuntur.
3580 4500 3827 4600 Neque
3853 4515 4100 4577 tamen
4131 4504 4319 4579 ullus

503 4662 594 4711 ex
637 4636 912 4712 nostris
955 4638 1326 4715 codicibus
1369 4642 1848 4740 archetypum
1901 4642 2352 4738 reliquorum
2393 4639 2617 4714 fuisse
2668 4651 2934 4737 potest,
2991 4638 3333 4737 quoniam
3379 4637 3593 4734 pauci
3644 4636 4085 4735 antiquiores
4133 4662 4317 4735 quos

497 4772 850 4847 habemus
899 4771 1194 4847 codices
1257 4798 1476 4874 saepe
1520 4775 1817 4850 lacunas
1895 4774 2248 4873 quasdam
2305 4773 2613 4863 habent,
2691 4799 2876 4873 quae
2935 4774 3009 4847 in
3051 4770 3579 4847 recentioribus
3634 4772 3736 4846 ita
3794 4796 4317 4869 nonnunquam

409 5002 431 5023 ο
500 4908 832 5005 expletae
875 4920 1066 5000 sunt,
1114 4920 1196 4983 ut
1252 4910 1764 5008 supplementa·
1805 4934 1942 5009 pro
1991 4910 2208 4983 meris
2257 4909 2715 4984 librariorum
2762 4904 3197 4983 coniecturis
3247 4906 3499 4980 haberi
3547 4928 3699 4981 non
3740 4908 4043 5005 possint.
4118 4905 4317 4981 Prin-

501 5041 734 5138 cipem
779 5044 966 5119 inter
1009 5068 1264 5119 omnes
1311 5045 1547 5117 locum
1595 5058 1669 5121 et
1707 5056 2072 5121 vetustate
2122 5057 2196 5119 et
2239 5046 2671 5120 auctoritate
2724 5044 3009 5119 obtinet
3036 5042 3275 5116 codex
3323 5039 3721 5117 Vaticanus
3748 5042 4061 5141 Reginas
4096 5044 4313 5116 1504.

499 5174 810 5251 Constat
867 5192 1158 5254 centum
1230 5180 1486 5280 viginti
1543 5181 1776 5256 tribus
1837 5180 2030 5255 foliis
2086 5180 2695 5271 membranaceis3
2762 5178 3089 5277 singulae
3146 5178 3453 5277 paginae
3514 5176 3789 5251 habent
3824 5177 4077 5277 viginti
4142 5186 4315 5251 octo

3879 5308 3912 5369 1
