4867 5875
2107 311 2725 376 *7—

487 505 798 584 aedibus
839 501 1138 603 systylis
1180 475 1526 600 loquitur,
1587 523 1712 573 eas
1759 507 2046 572 tautum
2093 505 2340 594 partes
2392 495 2728 593 explicat,
2798 519 2991 592 quae
3040 519 3085 566 a
3129 475 3459 593 diastylis
3512 491 3965 592 discrepant,
4026 506 4345 594 praeter-

495 641 716 718 mittit
758 650 1006 714 autem
1047 636 1313 725 omnia,
1379 659 1566 732 quae
1615 657 1784 708 cum
1829 631 1970 706 illis
2037 629 2514 706 concordant.
2616 629 2961 706 Debebat
3016 629 3240 728 igitur
3282 630 4030 722 intercolumniorum,
4096 631 4345 730 trigly-

399 859 406 864 ,
499 779 832 878 phorum,
881 785 1340 870 metoparum
1363 770 1724 844 rationem
1753 767 2158 866 explicare;
2211 767 2388 840 haec
2433 766 2623 838 enim
2653 765 2728 837 in
2762 764 3065 838 aedibus
3099 743 3432 864 diastylis
3462 777 3539 840 et
3568 766 3867 864 systylis
3902 765 4341 864 discrepant.

492 909 752 1008 Neque
812 932 990 982 vero
1047 930 1350 980 necesse
1411 915 1588 997 erat,
1657 914 1741 977 ut
1800 901 1892 976 de
1957 925 2254 990 corona,
2321 901 2661 998 cymatio,
2723 901 2970 998 guttis,
3031 900 3185 973 viis·
3232 911 3599 998 repeteret
3658 925 3848 998 quae
3910 901 4087 974 iam·
4120 925 4348 999 supra

501 1046 699 1121 dieta
751 1055 976 1130 erant,
1051 1041 1395 1138 quoniam
1451 1040 1592 1114 hae
1658 1049 1905 1137 partes
1969 1035 2270 1110 eaedem
2323 1047 2496 1108 sunt
2556 1036 2631 1108 in
2692 1019 3036 1133 operibus
3108 1033 3439 1134 diastylis
3500 1043 3577 1110 e't
3638 1036 3960 1134 systylis.
4076 1034 4343 1112 Eieetis

507 1193 746 1256 autem
777 1178 889 1252 his
931 1177 1199 1265 verbis,
1252 1199 1442 1272 quae
1482 1199 1524 1248 e
1553 1171 2051 1272 superioribus
2086 1171 2228 1244 huc
2260 1170 2729 1268 irrepserunt,
2767 1170 3049 1266 reliqua
3076 1170 3321 1242 omnia
3356 1171 3811 1267 paucissimis
3842 1181 3915 1244 et
3956 1169 4343 1246 levissimis

503 1315 800 1418 medelis
857 1311 1142 1388 restitui
1198 1322 1525 1410 possunt.

1651 1305 1868 1397 Quod
1929 1331 2074 1404 quo
2135 1305 2392 1380 melius
2454 1304 2954 1403 perspiciatur,
3016 1304 3257 1402 placet
3334 1305 3525 1378 infra
3582 1329 3953 1404 apponere
4019 1313 4095 1379 et
4152 1328 4343 1402 quae

501 1450 794 1526 codices
841 1447 1152 1536 habent,
1219 1457 1294 1520 et
1341 1443 1764 1520 Schneideri
1805 1451 2092 1518 textum
2149 1441 2227 1538 (a
2272 1465 2417 1540 quo
2472 1440 2729 1537 reliqui
2775 1439 3092 1514 editores
3134 1467 3285 1514 non
3342 1441 3677 1516 multum·
3710 1439 4195 1532 recesserunt)
4268 1447 4346 1514 et

499 1611 744 1660 meam
787 1581 1306 1656 recensionem.

933 1764 1117 1826 saluo
1157 1761 1504 1825 Schneiderl.

459 1938 470 1954 ,
591 1881 774 1948 Haec
813 1882 978 1947 ratio
1020 1880 1088 1945 in
1133 1878 1432 1966 operibus
1475 1875 1759 1961 diastylis
1803 1875 1924 1940 erit

509 1991 874 2060 constituta.
961 1987 1036 2058 Si
1075 2011 1228 2054 vero
1271 1987 1558 2075 systylon
1603 1995 1668 2052 et
1706 2007 1924 2050 mono-

505 2100 880 2188 triglyphon
923 2121 1082 2188 opus
1135 2097 1254 2164 erit
1293 2095 1656 2164 faciendum
1672 2142 1691 2178 ,
1747 2093 1922 2160 frons

513 2210 720 2290 aedis,
777 2207 856 2279 si¹
885 2208 1245 2296 tetrastylos
1289 2205 1438 2287 erit,
1496 2204 1818 2270 dividatur
1857 2203 1925 2268 in

511 2329 722 2406 partes
773 2315 1070 2382 XVIIII.
1117 2314 1188 2382 S.
1251 2315 1306 2380 si
1359 2313 1728 2401 hexastylos
1787 2311 1923 2394 erit,

510 2427 826 2494 dividatur
865 2426 934 2492 in
976 2437 1192 2515 partes
1221 2422 1586 2490 xxvnn.
1615 2421 1682 2490 s.
1717 2445 1798 2488 ex
1827 2389 1924 2488 1⁸:12

507 2561 656 2627 pars
699 2559 829 2602 una
875 2536 995 2602 erit
1033 2533 1360 2618 modulus,
1419 2533 1500 2600 ad
1555 2555 1774 2622 quem,
1831 2532 1923 2597 uti

508 2666 704 2734 supra
760 2645 1066 2734 seriptum
1109 2654 1234 2725 est,
1295 2666 1491 2732 opera
1547 2641 1924 2710 dividantur.

467 2772 476 2782 ’
509 2755 614 2821 Ita
657 2779 851 2844 supra
890 2754 1143 2842 singula
1187 2752 1480 2842 epistylia
1529 2764 1592 2818 et
1632 2762 1926 2840 metopae

516 2864 678 2930 duae
696 2876 759 2929 et
775 2863 1078 2953 triglyphi
1093 2860 1328 2953 singuli
1348 2873 1533 2928 erunt
1544 2857 1923 2928 collocandi:

509 2975 577 3041 in
620 2974 1034 3063 angularibus
1083 2974 1206 3038 hoc
1264 2972 1564 3058 amplius3
1619 2982 1926 3060 quantum

515 3094 612 3151 est
663 3087 936 3170 spatium
992 3081 1470 3171 hemitriglyphi
1489 3131 1507 3164 ,
1573 3081 1640 3147 id
1683 3078 1928 3147 accedit

515 3194 584 3261 in
623 3194 934 3259 mediano.
1023 3191 1268 3259 Contra
1290 3190 1618 3280 fastigium
1657 3188 1928 3259 duorum

515 3301 974 3390 triglyphorum
1021 3312 1085 3367 et
1119 3303 1308 3369 trium
1349 3311 1748 3389 metoparum
1789 3323 1928 3388 spa·

513 3411 674 3477 tium
729 3411 1010 3487 distabit,
1056 3421 1126 3477 ut
1181 3407 1370 3476 latius
1411 3409 1688 3475 medium
1739 3408 1928 3475 inter·

514 3520 896 3587 columnium
909 3518 1356 3586 accedentibus
1369 3517 1450 3584 ad
1461 3518 1683 3584 aedem
1691 3518 1928 3583 habeat

511 3632 962 3717 laxamentum,
990 3640 1054 3696 et
1083 3629 1386 3695 adversus
1413 3628 1753 3694 simulacra
1783 3627 1926 3694 deo·

513 3762 658 3805 rum
672 3746 966 3826 aspoetus
987 3737 1375 3827 dignitatem.
1419 3738 1694 3825 Insuper
1705 3737 1928 3827 trigly-

515 3848 788 3937 phorum
833 3848 1111 3937 capitula
1139 3872 1373 3915 corona
1417 3858 1513 3914 est
1557 3846 1928 3915 collocanda

519 3956 780 4043 habens,
823 3958 918 4024 uti
961 3981 1154 4047 supra
1203 3957 1504 4047 scriptum
1548 3966 1677 4039 est,
1723 3980 1930 4045 cyma-

518 4066 672 4131 tium
694 4068 978 4133 doricum
1005 4068 1071 4133 in
1093 4068 1240 4151 ime,
1270 4068 1540 4133 alterum
1567 4066 1632 4133 in
1652 4089 1894 4131 summo
1913 4091 1929 4149 3

517 4176 670 4240 item
713 4200 852 4242 cum
895 4177 1182 4264 cymatiis
1213 4198 1448 4243 corona
1477 4198 1691 4241 crassa
1735 4198 1816 4241 ex
1845 4172 1932 4241 di-

519 4284 714 4351 midia
753 4286 1004 4353 moduli.
1087 4284 1496 4353 Dividendae
1533 4295 1744 4351 autem
1784 4295 1934 4351 sunt

517 4392 584 4459 in
627 4416 862 4459 corona
901 4394 1026 4461 ima
1057 4396 1137 4461 ad
1163 4394 1684 4487 perpendiculum
1715 4395 1932 4483 trigly-

517 4502 791 4589 phorum
851 4511 914 4567 et
957 4503 1036 4568 ad
1077 4504 1315 4571 medias
1356 4516 1642 4591 metopas
1685 4505 1931 4570 viarum

518 4612 902 4677 directiones
931 4623 994 4677 et
1020 4624 1338 4701 guttarum
1368 4610 1838 4681 distributiones
1869 4624 1933 4679 et

515 4718 764 4810 reliqua
806 4744 1078 4809 quoque,
1125 4722 1654 4811 quemadmodum
1695 4720 1932 4787 dictum

519 4842 614 4897 est
637 4829 1044 4918 in-diastylis.
1105 4829 1451 4899 Columnas
1479 4842 1696 4899 autem
1723 4830 1931 4897 striari

519 4938 654 5005 XX
695 4941 865 5009 striis
905 4950 1164 5029 oportet
1206 4986 1220 5000 ·
1267 4991 1285 5009 .
1331 4990 1349 5009 .
1404 4950 1410 4957 '

2335 1759 2466 1820 coc.
2506 1757 2703 1838 segia.
2755 1757 2911 1820 1504.

2114 1875 2300 1942 Haec
2323 1874 2483 1940 ratio
2504 1874 2569 1939 in
2604 1875 2901 1963 operibus
2936 1873 3243 1960 diastyliis

2033 1985 2152 2050 erit
2183 1984 2544 2052 constituta.
2596 1981 2836 2050 sivero
2864 1985 3155 2072 systylon
3182 1993 3245 2048 et

2031 2093 2584 2182 monotriclyphon
2638 2116 2796 2182 opus
2852 2095 2970 2160 erit
3012 2093 3245 2160 facien-

2036 2203 2204 2284 dum,
2234 2203 2408 2270 frons
2433 2201 2628 2284 aedis,
2662 2203 2717 2267 si
2743 2205 3075 2292 tetrastylo
3106 2203 3244 2285 erit,

2037 2311 2352 2378 dividatur
2393 2311 2459 2376 in
2492 2323 2707 2400 partes
2735 2311 2993 2378 XVIII.
3024 2313 3078 2378 si
3101 2336 3247 2379 exa-

2037 2423 2236 2510 stylos
2309 2420 2457 2502 erit,
2528 2420 2845 2488 dividatur
2900 2421 2968 2488 in
3032 2433 3245 2511 partes

2035 2522 2382 2598 XXVIIII
2444 2554 2525 2596 ex
2590 2531 2689 2598 his
2744 2553 2893 2619 pars
2946 2555 3076 2598 uua
3128 2533 3247 2598 erit

2036 2639 2346 2726 modulus,
2391 2639 2473 2706 ad
2500 2663 2711 2729 quem,
2754 2642 2849 2708 uti
2876 2663 3069 2730 supra
3097 2642 3246 2708 scri-

2033 2760 2214 2839 ptum
2257 2761 2386 2832 est,
2448 2749 2825 2816 dividantur.
2911 2751 3013 2816 Ita
3055 2775 3245 2838 supra

2036 2859 2288 2947 singula
2305 2859 2601 2949 epystilia
2632 2870 2695 2926 et
2722 2860 3024 2949 metopha
3050 2860 3243 2949 ettri-

2035 2970 2258 3059 glyphi
2315 2970 2448 3036 bini
2492 2981 2679 3036 erunt
2698 2966 2716 2984 ‘
2735 2971 3108 3037 conlocandi
3176 2972 3242 3038 in

2037 3080 2451 3169 angularibus
2480 3080 2603 3147 hoc
2632 3081 2901 3169 amplius
2938 3092 3243 3169 quantum

2037 3189 2428 3260 dimidiatum
2474 3200 2571 3255 est
2601 3189 2877 3277 spatium
2905 3188 3077 3257 hemi
3117 3202 3244 3277 try·

2035 3300 2261 3389 glyphi
2303 3298 2370 3364 id
2415 3298 2662 3365 accedit
2704 3300 2772 3365 in
2790 3294 3098 3425 ”mediano
3138 3301 3245 3367 ba-

2036 3410 2194 3475 bens
2238 3409 2581 3496 cymatium
2636 3408 2920 3475 doricum
2964 3434 3033 3475 m
3094 3434 3243 3477 uno.

2037 3520 2307 3584 alterum
2337 3519 2402 3584 in
2430 3542 2693 3586 summo.
2764 3517 2931 3586 Item
2962 3542 3106 3585 cum
3142 3544 3245 3607 cy-

2035 3628 2244 3694 matiis
2289 3650 2525 3694 corona
2576 3650 2790 3694 crassa
2834 3652 2915 3694 ex
2967 3628 3241 3695 dimidia.

2013 3726 2418 3805 ‘dividendae
2462 3749 2675 3805 autem
2714 3748 2864 3805 sunt
2906 3739 2975 3807 iu
3013 3762 3247 3806 eorona

2035 3847 2166 3914 ima
2194 3846 2274 3913 ad
2287 3846 2809 3936 perpendiculum
2832 3860 3052 3915 eontra
3074 3849 3248 3917 fasti-

2038 3957 2217 4044 gium
2246 3957 2433 4023 trium
2472 3956 2935 4046 triglyphorum
2967 3969 3032 4025 et
3057 3960 3247 4025 trium

2039 4065 2481 4155 metopharum
2496 4067 2771 4153 spatium
2787 4066 3061 4134 distabit.
3076 4069 3247 4157 quod

2040 4174 2228 4241 latius
2254 4174 2533 4239 medium
2566 4175 3117 4243 intercolumnium
3149 4202 3248 4245 ae-

2040 4284 2411 4351 cedentibus
2440 4281 2522 4349 ad
2538 4283 2762 4351 aedem
2790 4284 3029 4353 habeat
3053 4286 3281 4354 laxias

2041 4402 2326 4462 mentum
2394 4403 2458 4459 et
2537 4394 2841 4463 adversus
2912 4396 3249 4465 simulacra

2043 4502 2304 4569 deorum
2349 4514 2645 4592 aspectus
2674 4504 3068 4593 dignitatem.
3128 4505 3247 4575 Co·

2044 4612 2292 4679 lumnas
2351 4622 2565 4678 autem
2621 4614 2828 4681 striari
2879 4614 3017 4681 XX
3082 4616 3248 4683 striis

2042 4732 2294 4811 oportet
2337 4770 2352 4786 .
2399 4771 2415 4789 .
2464 4772 2479 4788 .

3649 1759 3771 1824 llos
3810 1759 4006 1822 editio.

3422 1875 3605 1941 Haec
3634 1877 3793 1941 ratio
3822 1875 4203 1964 inoperibus
4220 1873 4347 1942 dia·

3338 1985 3517 2072 stylis
3552 1985 3670 2052 erit
3682 1986 4042 2052 constituta.
4089 1983 4163 2052 Si
4190 2007 4347 2052 vero

3340 2095 3626 2184 systylon
3676 2106 3743 2160 et
3773 2081 4345 2184 ‚monotriglyphon

3340 2228 3501 2294 opus
3560 2205 3680 2271 erit
3720 2205 4115 2288 faciendum,
4168 2204 4345 2270 frons

3338 2313 3533 2396 aedis,
3562 2315 3613 2379 si
3644 2316 4005 2400 tetrastylos
4022 2315 4157 2396 erit,
4189 2311 4345 2379 divi-

3340 2424 3527 2490 datur
3552 2423 3619 2489 in
3654 2435 3867 2512 partes
3895 2421 4175 2489 XVIIII
4190 2421 4260 2506 S,
4290 2421 4345 2488 si

3338 2533 3707 2619 hexastylos
3740 2535 3875 2615 erit,
3920 2531 4239 2599 dividatur
4277 2533 4347 2599 in

3337 2655 3553 2732 partes
3564 2641 3981 2726 XXVIIII&
3994 2642 4181 2712 exhis
4194 2665 4347 2729 pars

3337 2777 3467 2818 una
3506 2752 3627 2818 erit
3665 2753 3976 2835 modulus,
4023 2750 4103 2817 ad
4132 2773 4343 2842 quem,
4427 2819 4435 2830 ,

3338 2861 3431 2928 uti
3456 2883 3649 2951 supra
3678 2863 3979 2951 scriptum
4002 2872 4116 2943 est,
4149 2885 4342 2951 opera

3339 2971 3715 3039 dividantur.
3760 2972 3862 3037 Ita
3889 2995 4079 3059 supra
4094 2972 4347 3059 singula

3340 3083 3631 3171 epistylia
3660 3092 3725 3147 et
3735 3092 4030 3170 metopae
4049 3082 4343 3171 ettrigly·

3338 3192 3451 3281 phi
3476 3192 3618 3259 bini
3650 3202 3840 3259 eruut
3860 3190 4247 3274 collocandi3
4274 3191 4347 3257 in

3339 3301 3750 3391 angularibus
3796 3301 3919 3368 hoc
3958 3301 4227 3391 amplius
4254 3296 4344 3367 di·

3336 3410 3652 3492 midiatus,
3669 3420 3734 3477 et
3748 3420 4056 3499 quantum
4082 3420 4179 3478 est
4206 3433 4345 3499 spa-

3338 3519 3497 3587 tium
3524 3519 4019 3609 hemitriglyphi,
4062 3520 4129 3586 id
4169 3542 4342 3586 acee—

3340 3629 3463 3714 dit3
3506 3630 3573 3695 in
3600 3628 3895 3696 mediano
3926 3640 4145 3695 contra
4171 3630 4344 3695 fasti-

3338 3740 3515 3827 gium
3542 3740 3735 3807 trium
3772 3740 4238 3827 triglyphorum
4280 3748 4347 3807 et

3338 3850 3533 3915 trium
3602 3860 3997 3939 metoparum
4068 3850 4343 3937 spatium

3342 3958 3618 4042 distabit,
3663 3982 3789 4049 quo
3834 3959 4024 4025 latius
4064 3958 4341 4024 medium

3339 4069 3890 4147 intercolumnium
3993 4067 4345 4135 accedenti·
4398 4082 4407 4099 “

3341 4177 3462 4243 bus
3500 4176 3583 4243 ad
3626 4178 3848 4243 aedem
3892 4178 4129 4244 habeat
4172 4180 4344 4245 laxa·

3338 4297 3625 4353 mentum
3680 4297 3746 4354 et
3799 4288 4104 4353 adversus
4160 4288 4347 4353 simu·

3340 4398 3516 4463 lacra
3530 4396 3791 4466 deorum
3821 4407 4113 4486 aspectus
4145 4396 4345 4485 digni·

3340 4516 3556 4573 tatem.
3582 4546 3591 4553 ·
3684 4504 4027 4574 Columnas
4128 4517 4341 4575 autem

3342 4615 3546 4683 striari
3575 4611 3714 4683 XX
3744 4618 3908 4683 striis
3950 4626 4234 4705 oportet.
4252 4664 4269 4681 .
4288 4664 4340 4681 ..
