4867 5875
2179 332 2551 394 .-....-....ι·Ο
2634 363 2837 372 —..

583 520 1002 609 felicissime
1053 517 1506 616 transposuit
1555 517 1660 591 ita
1710 517 2176 608 „dimidiatus
2229 529 2306 591 et
2359 519 2711 614 quantum
2766 529 2879 590 est
2926 517 3244 618 spatium
3294 517 3893 618 hemitriglyphi”.
3960 561 4062 582 --
4128 517 4437 622 Reliqua

505 669 518 682 ‘
583 657 838 730 omnia
899 653 1239 730 facillime
1309 651 1754 751 procedunt..
1866 651 2103 726 Unum
2177 653 2323 726 hoe·
2368 677 2523 725 non
2574 653 3187 750 praetermittam,
3256 677 3371 726 me
3440 655 3514 726 in
3584 655 3829 728 verbis
3900 655 4150 752 „quod
4218 659 4437 735 latius

583 791 909 865 medium
961 787 1630 864 intercolumnium''
1687 789 2036 862 'maluisse
2091 787 2481 862 emendare
2558 789 2762 885 „quo
2828 787 3107 861 latius”·
3146 811 3365 885 quam
3412 813 3605 862 eum
3666 789 3963 887 reliquis
4028 789 4433 868 editoribus

585 938 720 1020 „ut
774 923 1048 1016 latius'',
1102 925 1447 1020 quoniam
1501 922 1730 1020 „quo”
1783 921 1876 994 ad
1925 921 2218 996 codices
2265 923 2568 1022 propius
2620 921 2905 997 accedit
2956 936 3031 997 et
3060 921 3153 996 ad
3186 922 3765 1020 comparativum
3821 925 4121 1014 „latius”
4158 929 4425 1026 optime

591 1059 922 1158 quadrat.

786 1461 1024 1534 Etiam
1078 1461 1388 1533 alterum
1421 1459 1658 1532 locum
1713 1485 1807 1532 ex
1845 1460 2032 1532 libro
2085 1459 2394 1558 septimo
2424 1459 2939 1558 propositurus
2973 1487 3155 1550 sum,
3212 1487 3359 1558 quo
3416 1487 3671 1536 omnes
3719 1461 4010 1536 codices
4054 1464 4134 1536 in
4168 1463 4423 1540 ordine

583 1595 983 1672 verborum
1031 1595 1598 1692 quammaxime
1631 1593 2063 1692 perturbato
2091 1585 2577 1668 consentiunt.
2648 1595 3063 1669 Dilaeerata
3090 1609 3167 1670 et
3210 1595 3541 1694 dispersa
3570 1597 3921 1671 orationis
3950 1597 4421 1674 Vitruvianae

582 1731 916 1806 membra
963 1731 1038 1803 in
1091 1729 1419 1804 ordinem
1469 1729 1870 1828 redigenda
1893 1743 1972 1803 et
2020 1727 2426 1828 supplenda
2472 1731 2755 1804 curavit
2804 1729 3195 1819 beandus,
3248 1752 3467 1827 quem
3508 1732 3763 1830 reliqui
3796 1757 4050 1806 omnes
4102 1731 4422 1809 editores

581 1867 818 1940 secuti
883 1875 1086 1956 sunt,
1151 1865 1370 1940 etiam
1423 1863 1822 1939 Schneider
1890 1877 1966 1938 et
2011 1864 2293 1939 Marini.
2399 1864 2615 1954 Quod
2680 1890 2829 1961 quo
2880 1865 3184 1938 consilio
3254 1879 3329 1940 et
3375 1891 3719 1940 successu
3784 1867 4076 1956 feeerit,
4148 1871 4421 1968 opt-ime

585 1999 990 2101 apparebit,
1043 2002 1126 2088 si,
1180 2003 1356 2098 quo·
1383 1999 1640 2088 ordine
1671 1999 1964 2074 codices
2015 2001 2182 2073 libri
2227 2001 2519 2098 septimi
2564 2011 2783 2098 caput
2812 2013 3125 2090 sextum,
3180 1982 3588 2098 septimum,
3644 1985 3988 2078 ‘octavum
4044 2015 4117 2078 et
4142 2028 4418 2078 nonum

580 2137 961 2222 exhibent,
1013 2159 1492 2234 proposuero.
1599 2135 1842 2232 Caput
1888 2149 2179 2229 sextum
2233 2137 2313 2208 in
2359 2133 2741 2208 codicibus
2788 2135 2893 2208 ita
2940 2136 3235 2232 legitur:

985 2269 1355 2359 „Marmor
1403 2295 1556 2342 non
1606 2269 1866 2343 eodem
1916 2293 2184 2368 genere
2229 2247 2571 2344 omnibus
2622 2268 3039 2368 regionibus
3082 2281 3528 2367 procreatur,
3582 2269 3715 2344 sed
3755 2269 4191 2368 quibusdam
4228 2273 4419 2348 'locis

883 2403 1142 2504 glebae
1207 2418 1286 2478 ut
1353 2405 1522 2477 salis
1590 2406 1814 2478 micas
1884 2405 2290 2502 perlucidas
2353 2403 2708 2478 habentes
2796 2417 3214 2496 nascuntur,
3299 2430 3485 2504 quae
3551 2419 3897 2482 contusae
3962 2417 4037 2480 et
4117 2409 4411 2483 molitae

884 2551 1257 2638 praestant
1309 2539 1651 2637 operibus
1704 2539 2108 2614 utilitatem.
2213 2538 2493 2634 Quibus
2543 2553 2794 2612 autem
2847 2539 3051 2612 locis,
3078 2541 3211 2613 hae
3266 2543 3521 2638 copiae
3573 2558 3722 2614 n'on
3777 2554 3980 2634 sunt,
4010 2555 4417 2618 'caementa

885 2697 1295 2747 marmorea
1362 2675 1516 2747 sive
1571 2675 1854 2753 assulae
1923 2674 2260 2748 dicuntur
2329 2701 2515 2773 quae
2588 2644 3037 2748 marmorarii
3092 2699 3185 2748 ex
3254 2677 3597 2774 operibus
3654 2677 4063 2752 deiciuntur
4115 2691 4414 2754 contun-

883 2807 1154 2882 duntur
1208 2821 1280 2883 et
1335 2810 1786 2910 molliuntur]
1857 2809 1982 2907 [Et
2031 2810 2142 2884 his
2195 2811 2314 2907 qui
2370 2837 2463 2884 ex
2519 2810 2629 2884 his
2680 2811 2773 2883 ab
2846 2791 3031 2908 ignis
3100 2835 3373 2908 vapore
3442 2814 3682 2885 fumus
3746 2815 4176 2905 suscitatur,
4248 2839 4409 2888 cum

879 2946 1151 3020 resedit
1199 2946 1274 3017 in
1325 2947 1562 3019 solum
1603 2947 1807 3019 furni
1860 3000 1876 3016 .
1939 3002 1954 3018 .

573 3078 732 3151 lam
799 3080 1084 3153 omissis
1139 3080 1510 3169 munibus,
1581 3106 1766 3177 quae
1817 3080 1905 3185 tin
1959 3080 2400 3155 editionibus
2454 3079 2831 3153 interiecta
2878 3093 3087 3171 sunt,
3156 3080 3441 3156 codices
3496 3048 3583 3155 ea
3626 3082 3935 3169 habent,
4008 3104 4193 3181 quae
4246 3110 4403 3183 cap.

577 3211 770 3303 VIII,
826 3214 872 3285 2
927 3213 1072 3309 (ed.
1123 3210 1375 3311 Schn.)
1408 3215 1768 3315 leguntur.
1825 3214 2160 3315 Pel-gitur
2191 3214 2455 3289 deinde
2506 3214 2769 3288 eodem
2822 3212 3111 3305 ordine,
3168 3240 3313 3314 quo
3366 3218 3440 3290 in
3490 3216 3968 3310 editionibus,
4026 3242 4257 3316 usque
4308 3220 4403 3296 ad

575 3372 734 3447 cap.
787 3346 910 3437 IX,
963 3351 1050 3421 32

981 3484 1127 3573 „At
1179 3485 1241 3557 si
1325 3484 1446 3580 qui
1499 3484 1837 3558 subtilior
1903 3486 2125 3559 fuerit
2188 3498 2264 3558 et
2328 3484 2647 3558 voluerit
2726 3484 3249 3583 expolitionem
3312 3486 3718 3559 miniaciam
3806 3508 4015 3559 suum
4083 3487 4405 3564 colorem

837 3618 1210 3709 ‘retinere‚
1261 3642 1432 3691 cum
1480 3619 1722 3717 paries
1787 3620 2158 3717 expolitus
2227 3632 2300 3691 et
2349 3618 2631 3719 aridus]
2689 3618 2835 3717 [est
2886 3621 3308 3695 suberetum
3358 3620 3431 3692 in
3498 3620 3841 3719 operibus
3894 3627 4197 3695 utuntur
4246 3621 4403 3695 aliis

877 3752 1061 3829 locis
1110 3767 1193 3828 ut
1237 3754 1450 3827 inter.
1481 3755 1894 3853 magnesiae
1950 3766 2026 3829 et
2075 3754 2324 3851 ephesi
2379 3754 2561 3828 fines
2616 3810 2633 3829 .
2691 3809 2706 3826 .
2762 3810 2781 3827 .
2841 3754 2894 3826 .”
3817 3760 3826 3772 ’
4046 3849 4059 3863 ο

566 3886 714 3961 Hic
762 3888 838 3960 in
893 3887 1278 3962 codicibus
1297 3889 1634 3987 leguntur
1691 3912 1877 3987 quae
1911 3889 2021 3967 ed.
2053 3888 2390 3964 Schneid.
2447 3914 2603 3986 cap.
2647 3888 2801 3977 VII,
2856 3892 2898 3961 5
2954 3890 3215 3979 habet;
3271 3914 3361 3963 ea
3404 3914 3581 3963 vero
3632 3907 3763 3987 per
3810 3912 4085 3988 paucas
4118 3900 4403 3963 tantum

571 4024 801 4097 lineas
855 4046 1020 4097 cum
1071 4022 1514 4099 editionibus
1567 4025 2050 4114 consentiunt.
2153 4024 2487 4123 Pergitur
2536 4024 2731 4097 enim
2780 4024 2917 4098 ita:

861 4209 869 4219 ·
972 4166 1194 4248 „sunt
1245 4160 1412 4232 loca
1461 4158 1656 4232 unde
1705 4158 1981 4233 foditur
2030 4174 2306 4257 parata,
2362 4184 2575 4257 quam
2628 4184 2765 4231 nec
2814 4158 3088 4231 molere
3140 4182 3273 4231 nec
3324 4183 3627 4231 cernere
3674 4181 3857 4255 opus
3912 4168 4059 4243 est,
4113 4157 4243 4231 sed
4296 4159 4401 4233 sic

875 4304 990 4367 est
1053 4294 1336 4371 subtilis
1359 4350 1376 4385 ,
1447 4292 2058 4391 quemadmodum
2133 4296 2194 4369 si
2245 4319 2390 4391 qua
2454 4308 2567 4369 est
2630 4318 2848 4367 manu
2895 4304 3207 4367 contusa
3276 4308 3349 4367 et
3394 4293 3755 4367 subereta.
3862 4292 4168 4367 Colores
4222 4318 4401 4369 vero

873 4430 994 4503 alii
1045 4442 1234 4519 sunt,
1290 4430 1411 4526 qui
1462 4454 1596 4528 per
1645 4454 1724 4503 se
1777 4431 1991 4503 certis
2045 4430 2219 4503 locis
2273 4442 2750 4528 procreantur
2802 4440 2875 4501 et
2926 4427 3095 4503 inde
3145 4428 3523 4501 fodiuntur
3578 4483 3595 4499 .
3650 4482 3667 4501 .
3729 4482 3745 4498 .

567 4566 748 4641 Post
815 4567 992 4639 haee
1061 4564 1288 4638 verba
1351 4573 1693 4639 secuntur
1759 4569 1944 4662 quae
2021 4564 2216 4664 apud
2279 4562 2614 4639 Schneid.
2679 4576 2853 4637 sunt
2920 4564 2995 4635 in
3056 4588 3213 4661 cap.
3272 4562 3331 4633 V
3338 4562 3391 4655 Ι,
3450 4566 3529 4653 23
3610 4562 3777 4636 hinc
3848 4560 4163 4637 eundem
4234 4586 4399 4637 cum

571 4698 1014 4775 editionibus
1069 4698 1395 4772 ordinem
1450 4714 1746 4778 servant
1791 4725 2019 4797 usque
2073 4698 2164 4773 ad
2219 4725 2373 4798 cap.
2440 4698 2593 4790 VII,
2648 4704 2731 4771 5:

969 4831 1434 4926 „Sandaraea
1515 4837 1685 4911 item
1753 4836 2086 4933 pluribus
2153 4834 2334 4909 locis
2353 4890 2372 4925 ‚
2439 4833 2572 4907 sed
2640 4834 2917 4933 optima
2976 4832 3219 4906 Ponto
3282 4834 3619 4930 proxime
3698 4834 3967 4906 flumen
4034 4830 4397 4929 Hypanim

868 4968 1096 5045 habet
1145 4971 1540 5043 metallum.
1645 4969 2022 5069 Ingrediar
2071 4994 2262 5043 nunc
2316 4970 2514 5043 minii
2566 4969 2887 5043 rationes
2940 4968 3307 5067 explicare
3363 5024 3377 5038 .
3435 5024 3451 5041 .
3532 4967 3565 4999 ”

563 5101 678 5177 Ita
731 5104 1000 5178 omissa
1052 5106 1302 5179 ultima
1353 5104 1610 5202 capitis
1661 5105 1950 5203 septimi
2001 5120 2206 5203 parte
2257 5104 2551 5178 codices
2614 5103 2964 5177 exhibent
3017 5128 3123 5193 ea,
3198 5128 3383 5199 quae
3440 5101 3770 5177 continet
3834 5098 4087 5195 capitis
4158 5098 4401 5174 octavi

561 5238 887 5347 initium,
941 5239 1016 5312 in
1067 5264 1213 5338 quo
1260 5264 1425 5313 cum
1474 5238 1918 5315 editionibus
1977 5240 2444 5314 consentiunt
2492 5263 2725 5335 usque
2778 5237 2871 5311 ad
2922 5239 3103 5313 haec
3156 5238 3385 5311 verba
3434 5239 3627 5333 (cap.
3681 5232 3873 5327 Vm,
3932 5236 4045 5325 2):
