4867 5875
2135 303 2747 368 ——3..--

507 510 708 566 anno
767 489 960 564 1496
994 487 1392 600 impressa3
1447 483 1710 562 deinde
1768 485 1991 562 editio
2046 485 2332 562 Veneta
2401 489 2571 562 anni
2618 486 2836 561 1497.
2942 489 3123 563 Tres
3182 489 3325 563 hae
3376 489 3737 568 editiones
3780 489 3855 564 in
3920 491 4184 566 eodem
4234 515 4365 568 nu·

513 649 724 702 mero
768 649 940 698 cum
989 620 1366 699 codicibus
1405 621 1932 696 recentioribus
1979 634 2152 696 sunt
2189 621 2595 697 habendae.
2700 619 2943 698 Editio
2991 621 3411 721 Sulpiciana
3452 625 3677 702 ducta
3722 649 3884 702 esse
3930 625 4223 702 videtur
4264 651 4361 703 ex

519 751 702 836 cod.
755 759 1088 832 Palatino
1147 759 1338 829 1563
1385 757 1504 830 vel
1548 777 1642 830 ex
1689 755 2145 849 Corsiniano,
2197 781 2364 830 cum
2412 757 2677 854 quibus
2705 781 2995 858 semper
3034 760 3189 834 fere
3240 762 3637 852 consentit3
3686 760 4045 836 editiones
4068 761 4361 837 Floren-

514 897 676 972 tina
717 907 794 970 et
837 893 1120 966 Veneta
1159 915 1254 965 ex
1299 890 1714 990 Sulpiciana
1761 891 2028 967 ductae
2069 866 2264 966 sunt.

197 1111 207 1122 ,
725 1027 1064 1126 Sequitur
1104 1027 1294 1102 inter
1341 1026 1660 1102 editores
1711 1026 2052 1101 Iocimdus
2113 1025 2286 1125 (Fra
2343 1023 2775 1118 Giocondo)‚
2840 1027 2963 1125 qui
3016 1039 3273 1125 quater
3302 1028 3735 1106 „Vitruvium
3784 1027 4013 1105 edidit
4064 1030 4357 1128 (Venet.

3 1173 33 1222 ὓ
537 1167 753 1253 1511,
795 1163 1114 1238 F'lorent.
1164 1163 1398 1250 1513,
1453 1165 1644 1238 1522
1697 1174 1770 1238 et
1807 1163 2056 1260 1523).
2165 1161 2400 1237 Huius
2440 1173 2692 1236 textus
2740 1163 3082 1238 omnibus
3120 1163 3657 1262 insequentium
3701 1166 4163 1239 saeculorum
4214 1167 4361 1242 edi·

521 1299 844 1374 tionibus
890 1322 1120 1396 usque
1183 1296 1278 1370 ad
1339 1312 1594 1389 nostra
1653 1309 1989 1396 tempora
2045 1296 2499 1372 fundamenti
2556 1297 2719 1372 loco
2778 1309 2955 1371 erat.
3058 1293 3249 1387 Quid
3312 1299 3513 1398 quod
3562 1300 3681 1374 vel
3732 1297 4163 1392 Schneider,
4232 1301 4357 1398 qui

521 1434 984 1510 temerariam
1019 1431 1336 1506 Joeundi
1363 1431 1746 1508 audaciam
1779 1433 1969 1506 bene
1997 1445 2495 1531 perspexerat,
2546 1431 2924 1530 permultis
2965 1432 3147 1506 locis
3191 1457 3341 1508 non
3394 1457 3485 1508 eo
3536 1435 3894 1534 pervenit,
3944 1445 4029 1509 ut
4060 1435 4155 1510 ab
4197 1435 4355 1510 eius

521 1569 962 1644 auctoritate
1013 1567 1196 1642 liber
1237 1567 1476 1641 esset?
1575 1566 1943 1642 Iocundus
1989 1566 2280 1666 ipsesde
2327 1591 2571 1665 opera,
2632 1591 2851 1664 quam
2900 1569 2977 1641 in
3022 1565 3360 1642 Vitruvio
3410 1568 3710 1656 edendo..
3763 1581 3837 1645 et
3894 1569 4355 1644 emendando

521 1703 934 1794 collocavit,
985 1702 1060 1774 in
1103 1703 1414 1800 epistola
1445 1702 1980 1800 nuncupatoria
2025 1701 2118 1774 ad
2166 1699 2430 1776 Iulium
2467 1700 2534 1775 11
2579 1702 3009 1778 Pontificem
3044 1703 3461 1792 Maximum,
3512 1727 3699 1800 quae
3740 1704 4019 1802 primae
4052 1704 4355 1784 editioni

531 1838 730 1934 (anni
781 1840 916 1912 151
937 1835 1006 1937 1)
1051 1837 1454 1935 praemissa
1491 1851 1624 1925 est,
1671 1836 1773 1912 ita
1819 1837 2176 1934 loquitur:
2244 1833 2514 1927 „Sume
2556 1836 2777 1936 igitur
2820 1836 3109 1935 placido
3146 1839 3376 1927 vultu,
3426 1838 3853 1912 Beatissime
3884 1837 4121 1931 Pater,
4168 1861 4353 1938 quos

527 1973 662 2048 tibi
709 1971 970 2046 dedico
1017 1972 1095 2044 in
1137 1971 1280 2044 hoc
1327 1983 1627 2046 auctore
1681 1969 2134 2048 restituendo
2181 1970 2510 2062 labores;
2582 1995 2719 2046 nec
2772 1993 2903 2046 eos
2946 1972 3171 2046 fuisse
3234 1971 3565 2047 modicos
3610 1971 4005 2062 existimes,
4060 1972 4355 2070 quando

530 2113 646 2203 (ut
701 2106 1204 2205 intelligerem)
1257 2131 1406 2178 non
1453 2106 1610 2180 sine
1655 2107 1886 2181 multo
1934 2105 2203 2180 sudore
2249 2119 2324 2180 et
2359 2105 2788 2184 lassitudine
2834 2107 2989 2180 eius
3038 2107 3267 2182 verba
3308 2119 3383 2181 et
3426 2112 3721 2181 sensum
3766 2131 3931 2180 cum
3979 2107 4353 2183 ruinarum

531 2251 1001 2338 veterumque
1047 2240 1538 2314 aedificiorum
1591 2240 1909 2338 reliquiis
1971 2265 2086 2315 me
2131 2241 2525 2315 contulisse
2568 2255 2825 2315 notum
2872 2243 2986 2330 sit,
3034 2265 3189 2316 non
3231 2243 3458 2316 semel
3508 2240 3765 2333 mod0,
3836 2239 3966 2316 sed
4014 2267 4235 2342 saepe
4278 2251 4355 2319 et

527 2400 936 2452 numerose.
1038 2375 1139 2450 At
1203 2377 1341 2449 hoc
1389 2376 1608 2450 etiam
1673 2385 1908 2470 (tanta
1951 2375 2126 2448 mihi
2174 2375 2312 2450 fuit
2372 2376 2589 2448 huius
2638 2377 2743 2450 rei
2804 2376 3007 2470 cura)
3068 2399 3329 2474 parum
3384 2377 3623 2450 visum
3664 2376 3954 2464 fuisset,
4016 2378 4077 2450 si
4122 2377 4352 2477 ipsius

525 2513 844 2588 auctoris
900 2511 1258 2610 integram
1309 2511 1816 2586 habuissemus
1870 2511 2296 2600 lectionem3
2365 2533 2583 2607 quam
2634 2512 2803 2609 quia
2851 2533 3039 2609 pene
3098 2521 3332 2586 totam
3378 2521 3799 2609 corruptam
3844 2511 4153 2603 offendi,
4218 2535 4353 2588 nec

528 2669 967 2745 quemquam
1031 2646 1360 2742 quamvis
1403 2644 1810 2720 studiosum
1855 2656 1980 2719 aut
2028 2667 2216 2718 onus
2261 2643 2671 2744 corrigendi
2716 2645 3145 2746 suscepisse,
3192 2657 3321 2720 aut
3359 2644 3453 2720 ad
3500 2647 3901 2743 perfectam
3946 2647 4103 2720 eius
4148 2646 4353 2720 intel·

532 2780 902 2880 ligentiam
946 2794 1368 2879 penetrasse
1419 2780 1682 2872 inveni,
1743 2779 2154 2879 diligentius
2208 2804 2374 2853 meo
2416 2780 2683 2872 studio,
2742 2780 2917 2854 dum
2958 2781 3245 2880 singula
3288 2781 3708 2879 perquirere
3756 2780 3993 2878 coepi,
4052 2781 4147 2855 ad
4176 2780 4355 2857 anti-

5 2973 10 3060 l
529 2923 676 3015 qua
727 2916 1175 3017 exemplaria
1223 2931 1596 3014 tamquam
1654 2914 1748 2990 ad
1807 2939 2058 2990 ansam
2119 2911 2659 3016 dignoscendae
2714 2916 2819 2991 rei
2868 2941 2987 2990 me
3034 2915 3341 3007 contuli,
3404 2940 3540 2989 nec
3604 2915 3699 2990 ad
3746 2940 3984 3015 pauca
4036 2911 4351 3025 quidem,

526 3076 664 3129 nec
709 3076 860 3125 una
900 3064 1184 3127 tantum
1229 3052 1528 3151 regione
1569 3051 1690 3125 vel
1729 3050 1910 3125 urbe
1953 3062 2262 3150 reperta,
2311 3050 2443 3125 sed
2491 3050 2759 3125 multis.
2860 3048 3123 3149 Sicque
3168 3050 3433 3149 duplici
3476 3049 3721 3125 studio
3760 3051 4103 3138 intentus,
4160 3063 4355 3127 vete·

529 3210 696 3261 rum
759 3186 1036 3261 scilicet
1093 3186 1465 3260 ruinarum
1527 3187 2015 3260 monumentis
2081 3198 2156 3265 et
2217 3186 2359 3261 situ
2423 3186 2809 3261 vetustatis
2865 3180 3367 3260 redolentibus
3423 3184 3647 3275 libris,
3732 3186 3911 3260 satis
3980 3182 4355 3283 patentem

3 3296 6 3392 i
527 3321 706 3399 mihi
761 3322 904 3395 feci
955 3320 1399 3420 intelligendi
1455 3322 1818 3413 semitam,
1883 3332 1958 3395 et
1997 3346 2092 3395 ex
2147 3320 2434 3395 diversa
2485 3320 2797 3395 lectione
2844 3316 3186 3395 effectum
3230 3332 3379 3413 est,
3440 3330 3523 3394 ut
3580 3338 3675 3393 ex
3731 3342 3881 3395 uno
3940 3320 4061 3393 vel
4120 3322 4353 3395 altero

528 3456 784 3532 codice
831 3480 1050 3553 quam
1119 3456 1352 3533 multa
1397 3468 1730 3530 correcta
1773 3456 1936 3529 loca
1979 3456 2403 3543 invenerim,
2477 3456 2595 3529 vel
2644 3454 2739 3529 ad
2784 3454 3292 3555 corrigendum
3344 3454 3485 3529 iter
3546 3453 4025 3545 ostenderim
4088 3466 4163 3529 et
4226 3455 4354 3530 ubi

527 3594 718 3669 haec·
762 3616 910 3666 non
959 3590 1322 3682 iuverunt,
1371 3592 1474 3665 sic
1521 3591 1816 3665 omnino
1863 3588 1968 3664 uti
2031 3600 2238 3665 erant
2277 3590 2593 3687 reliqui.'’
2696 3588 2912 3680 Quod
2962 3591 3023 3663 si
3072 3588 3443 3665 Iocundus
3484 3613 3640 3663 rem
3683 3589 3807 3677 ita,
3853 3589 3958 3662 uti
4004 3588 4121 3662 hic
4154 3588 4349 3679 dicit,

529 3728 1126 3818 administrasset,
1193 3724 1446 3800 utilem
1517 3748 1820 3823 operam
1862 3723 2202 3800 Vitruvio
2257 3726 2740 3823 praestiturus
2786 3724 3064 3799 fuisset.
3170 3723 3315 3801 Sed
3361 3726 3581 3823 longe
3632 3723 3845 3798 aliter
3890 3724 4085 3799 fecit.
4187 3722 4353 3801 Fuit

531 3862 752 3937 hmo
801 3886 952 3935 non
997 3861 1234 3933 minus
1285 3861 1712 3935 temerarius
1759 3884 1978 3959 quam
2031 3860 2449 3959 ingeniosus
2467 3916 2487 3951 ‚
2553 3872 2631 3935 et
2695 3859 3039 3957 quoniam
3090 3860 3245 3958 ipse
3304 3858 3603 3957 insignis
3664 3869 3823 3932 erat
3888 3857 4350 3951 architectus,

534 4018 682 4071 non
743 4011 856 4073 est
915 3994 1364 4082 mirandum,
1431 3995 1628 4093 quod
1696 3994 2108 4069 Vitruvium
2167 4008 2723 4094 praeceptorem
2775 3996 2931 4068 eius
2992 3994 3203 4083 artis,
3282 3995 3355 4066 in
3404 4016 3553 4092 qua
3606 3992 3763 4091 ipse
3822 4004 3977 4066 tum
4044 4016 4351 4092 regnare

531 4130 952 4219 videbatur,
1023 4154 1308 4205 summa
1362 4154 1526 4203 cum
1573 4130 2014 4205 confidentia
2075 4142 2152 4205 et
2211 4126 2517 4205 audacia
2582 4128 2995 4205 emendavit
3071 4141 3147 4203 et
3208 4128 3693 4227 interpolavit.
3797 4126 3912 4201 Ex
3974 4128 4351 4226 exemplis,

532 4289 720 4363 quae
761 4267 946 4339 infra
989 4290 1420 4365 proponam,
1472 4264 1872 4363 apparebit,
1923 4275 2196 4362 quanta
2243 4288 2441 4355 cura,
2494 4264 2908 4361 ubicunque
2950 4261 3291 4363 vulgatae
3336 4262 3683 4337 lectiones
3724 4286 3769 4336 a
3820 4261 4155 4336 codicum
4186 4262 4353 4337 scn‘-

532 4404 752 4500 ptura
801 4398 1232 4497 discrepant,
1288 4398 1694 4475 cavendum
1739 4400 1854 4491 sit,
1907 4424 2000 4473 ne
2032 4398 2334 4473 Iocundi
2365 4400 2963 4497 interpolationes
3004 4410 3079 4473 et
3124 4398 3578 4473 coniecturas
3627 4398 4057 4471 auctoritate
4088 4396 4355 4471 idonea
4416 4469 4424 4475 ,

529 4536 996 4611 confirmatas
1049 4558 1204 4609 esse
1250 4547 1612 4634 putemus.
1721 4532 1995 4609 Omnes
2031 4535 2152 4632 qui
2189 4534 2420 4607 secuti
2466 4544 2637 4609 sunt
2662 4559 2893 4632 usque
2941 4532 3035 4608 ad
3082 4532 3597 4607 Schneiderum
3646 4529 3987 4619 editores,
4040 4530 4388 4606 Manliae-³

527 4671 858 4771 rapinem,
913 4667 1300 4758 Philander,
1353 4668 1738 4759 Barbarus,
1791 4671 1876 4745 de
1905 4668 2098 4757 Laet,
2158 4666 2459 4759 Galiani,
2490 4669 2707 4757 Rode,
2766 4668 3133 4767 Bipomina
3169 4680 3245 4742 et
3291 4667 3409 4741 vel
3450 4665 3761 4755 Polenus,
3794 4666 3869 4740 in
3914 4665 4349 4765 explicando

529 4818 830 4881 auctore
863 4804 1030 4905 plus
1063 4802 1300 4877 minus
1327 4804 1631 4879 feliciter
1669 4805 2157 4895 elaborarunt,
2203 4802 2334 4877 sed
2363 4804 2435 4877 in
2470 4815 2633 4878 tota
2678 4783 2924 4878 textus
2960 4802 3383 4877 recensione
3414 4802 3516 4875 ita
3557 4800 3878 4900 pendent
3914 4826 3960 4875 a
3997 4798 4349 4894 Iocund0,

531 4952 614 5016 ut
651 4943 779 5017 vix
832 4966 985 5013 uno
1027 4938 1146 5013 vel
1201 4938 1431 5012 altero
1475 4938 1640 5014 loco
1691 4940 1784 5013 ab
1843 4965 1932 5013 eo
1982 4937 2380 5014 discedant.
2486 4938 2926 5038 Magnopere
2986 4962 3033 5010 a
3074 4936 3439 5035 prioribus
3496 4934 3739 5009 differt
3795 4935 4019 5011 editio
4039 4992 4059 5027 ,
4133 4960 4351 5034 quam

535 5076 818 5172 paravit
855 5074 955 5150 Io.
1012 5071 1273 5151 Gottcob
1317 5070 1680 5148 Schneider
1713 5072 1932 5174 (Lips.
1966 5074 2219 5169 1807),
2267 5074 2388 5171 qui
2432 5070 2737 5146 Iocundi
2775 5072 3182 5147 temeritate
3229 5071 3417 5145 bene
3463 5080 3865 5185 perspecta,
3916 5069 3977 5145 si
4012 5070 4349 5145 uberiore

533 5222 887 5309 apparatu
955 5211 1204 5285 critico
1271 5232 1448 5283 usus
1529 5210 1788 5285 fuisset
1837 5190 1910 5285 et
1981 5209 2408 5307 ampliorem
2470 5219 3109 5283 monumentorum
3192 5216 3267 5281 et
3338 5206 3513 5279 artis
3568 5204 4177 5281 architectonicae
4236 5230 4359 5278 co·

3865 5331 3949 5395 1.
