4867 5875
2099 253 2717 320 *a*

783 441 850 514 si
914 440 1288 540 exastylos
1333 439 1493 528 erit,
1565 439 1933 514 dividatur
1975 440 2058 534 'in
2119 449 2368 540 partes
2413 421 2767 515 XXVIIII
2840 464 2935 512 ex
2996 439 3108 514 his
3170 463 3339 538 pars
3392 465 3541 514 una
3600 442 3737 516 erit
3798 441 4163 536 modulus,
4228 445 4325 520 ad

788 598 1028 672 quem,
1079 576 1184 650 uti
1237 599 1460 673 supra
1505 575 1856 673 scriptum
1901 589 2033 666 est,
2087 574 2525 650 dividantur.
2626 575 2743 650 Ita
2786 599 3011 673 supra
3050 574 3336 674 singula
3378 575 3716 675 epystilia
3756 591 3833 651 et
3874 580 4225 677 metopha
4256 586 4333 655 ct

787 709 1136 808 triglyphi·
1175 709 1326 784 bini
1374 721 1588 784 erunt
1631 709 2068 784 conlocandi
2117 710 2190 782 in
2237 709 2707 810 angularibus
2752 709 2893 782 hoc
2958 709 3267 808 amplius
3310 723 3665 808 quantum
3712 710 4161 788 dimidiatum
4216 725 4331 792 est

789 844 1104 942 spatium
1162 845 1356 918 hemi
1397 845 1772 944 tryglyphi
1831 843 1905 917 id
1970 844 2256 920 accedit
2303 845 2377 918 in
2429 842 2770 918 mediano
2832 845 3109 919 habens
3174 846 3569 943 cymatium
3638 846 3967 921 doricum
4030 850 4101 922 in
4158 851 4325 924 imo.

661 947 675 961 ἱ
791 981 1100 1053 alterum
1141 980 1218 1052 in
1267 981 1578 1053 summo.
1681 979 1864 1054 Item
1905 1005 2072 1053 cum
2117 980 2449 1079 cymatiis
2488 997 2766 1053 corona
2804 1003 3052 1054 crassa
3098 1001 3195 1054 ex
3242 979 3561 1054 dimidia.
3607 980 4041 1057 dividendae
4082 999 4329 1060 autem

785 1125 956 1188 sunt
1003 1115 1076 1187 in
1121 1137 1398 1188 corona
1439 1116 1586 1189 ima
1632 1113 1724 1188 ad
1767 1113 2366 1214 perpendiculum
2413 1127 2671 1189 contra
2716 1115 3084 1214 fastigium
3132 1115 3351 1189 trium
3398 1115 3936 1215 triglyphorum
3978 1131 4057 1193 et
4108 1121 4330 1196 trium

797 1251 1308 1347 metopharum
1355 1250 1667 1348 spatium
1707 1248 2026 1323 distabit.
2091 1249 2292 1347 quod
2335 1250 2555 1324 latius
2610 1249 2933 1324 medium
2972 1249 3604 1324 intercolumnium
3650 1251 4165 1328 accedentibus
4232 1254 4329 1330 ad

787 1384 1046 1470 aedem
1139 1384 1408 1460 habeat
1471 1384 1992 1482 laxiamentum
2063 1397 2138 1458 et
2218 1355 2571 1460 adversus
2614 1367 3011 1458 'simulacra
3083 1383 3391 1458 deorum
3468 1397 3807 1485 aspectus
3878 1387 4323 1487 dignitatem.

792 1517 1186 1594 Columnas
1225 1531 1485 1592 autem
1527 1518 1765 1594 striari
1814 1518 1949 1592 XX
2001 1520 2192 1594 striis
2243 1519 2570 1618 oportet'’
2612 1531 2750 1594 etc.

587 1653 826 1728 Facile
857 1667 1162 1753 apparet
1197 1653 1526 1727 ordinem
1571 1655 1964 1728 verborum
2004 1623 2451 1754 magnopere
2500 1679 2661 1728 esse
2692 1652 3219 1752 perturbatum.
3324 1651 3509 1728 Nam
3560 1679 3799 1752 neque
3856 1658 4327 1754 grammatice

487 1789 670 1862 haec
715 1789 946 1863 verba
982 1789 1086 1862 ita
1127 1788 1466 1888 coniungi
1511 1800 1860 1888 possunt,
1923 1801 2006 1864 ut
2049 1791 2437 1889 perspicua
2504 1791 2881 1864 enuntiata
2942 1787 3111 1862 inde
3156 1787 3599 1880 efficiantur,
3662 1815 3899 1887 neque
3952 1815 4069 1865 res
4136 1817 4329 1889 quae

487 1937 986 1999 memorantur
1043 1922 1194 1997 ullo
1251 1921 1475 2000 modo
1558 1924 1750 1998 inter
1799 1949 1878 1997 se
1940 1924 2407 1998 concordant.
2545 1921 2947 1998 Exorditur
3010 1924 3203 1996 enim
3267 1922 3645 1998 Vitruvius
3728 1925 3819 1999 ab
3889 1925 4330 2023 exponenda

488 2059 792 2150 ratione,
842 2082 1028 2157 quae
1073 2057 1460 2132 intercedit
1503 2060 1690 2132 inter
1727 2058 2137 2156 triglyphos
2185 2073 2260 2133 et
2303 2060 2893 2148 intercolumnia;
2960 2057 3222 2132 deinde
3272 2058 3515 2134 subito
3564 2059 3856 2132 inicitur
3918 2062 4195 2135 mentio
4234 2060 4327 2136 de

427 2203 432 2210 ’
491 2218 770 2268 corona
811 2207 887 2268 et
933 2193 1286 2292 cymati03
1357 2194 1668 2290 denique
1729 2195 2119 2268 revertitur
2179 2193 2272 2268 ad
2321 2195 2730 2294 triglyphos
2790 2209 2863 2268 et
2931 2193 3508 2267 intercolumnia.
3628 2191 3993 2268 Iocundus
4049 2195 4325 2293 primus

491 2353 802 2428 eumque
859 2329 1092 2402 secuti
1142 2327 1398 2425 reliqui
1468 2327 1788 2403 editores
1848 2342 2384 2428 perspexerunt
2431 2355 2555 2420 ea,
2644 2353 2828 2426 quae
2872 2328 2963 2402 de
3026 2350 3297 2402 corona
3352 2339 3427 2402 et
3504 2330 3819 2428 cymatio
3894 2328 4328 2428 interposita

491 2427 683 2556 sunt,
725 2464 1020 2540 turbare
1049 2463 1320 2537 iustum
1347 2461 1680 2536 ordinem
1715 2465 2270 2554 sententiarum3
2321 2465 2567 2562 itaque
2596 2465 2779 2538 haec
2808 2465 3036 2538 verba
3062 2461 3627 2560 transponenda,
3662 2474 3737 2536 et
3774 2475 3857 2537 ut
3884 2443 4323 2562 perspicuae⁶

489 2601 893 2674 sentcntiae
941 2599 1368 2690 efficiantur,
1416 2596 1870 2672 emendanda
1919 2609 1996 2672 et
2035 2598 2444 2700 supplenda
2488 2624 2649 2674 esse
2708 2610 3169 2686 censuerunt,
3238 2622 3471 2696 eaque
3514 2598 3800 2672 ratione
3856 2599 4132 2673 factum
4190 2611 4323 2688 est,

492 2747 576 2810 ut
621 2735 958 2809 omnibus
1001 2734 1078 2806 in
1126 2732 1566 2808 editionibus
1611 2733 1726 2807 hic
1776 2734 1982 2808 locus
2023 2734 2247 2807 variis
2304 2733 2545 2809 modis
2593 2734 3073 2832 interpolatus
3118 2734 3232 2808 sit.
3354 2731 3456 2806 At
3496 2757 3675 2806 vero
3738 2735 3979 2808 sanari
4035 2744 4328 2833 poterat

491 2870 676 2944 haec
721 2869 1138 2969 corruptela
1191 2869 1718 2969 simplicissima
1749 2870 2053 2961 ratione,
2108 2895 2328 2968 quam
2373 2869 2573 2968 quod
2613 2894 2833 2943 nemo
2878 2867 3163 2959 viderit,
3220 2866 3630 2942 mirandum
3679 2881 3811 2943 est.
3916 2867 4097 2943 Nam
4143 2871 4324 2945 haec

489 3006 722 3080 verba
778 3004 1106 3096 „habens
1173 3004 1565 3105 cymatium
1609 3004 1936 3078 doricum
1981 3006 2058 3077 in
2109 3004 2256 3079 imo
2277 3062 2295 3098 ,
2355 3006 2663 3080 alterum
2709 3004 2783 3078 in
2832 3030 3154 3121 summm
3227 3005 3403 3077 item
3434 3027 3599 3076 cum
3645 3004 3977 3103 cymatiis
4047 3028 4327 3079 corona

493 3164 742 3214 crassa
796 3166 890 3214 ex
951 3138 1249 3215 dimidia
1329 3137 1684 3239 (moduli).
1748 3138 2182 3214 dividendae
2251 3151 2497 3215 autem
2572 3152 2739 3214 sunt
2808 3139 2880 3212 in
2964 3163 3239 3212 corona
3314 3138 3459 3212 ima
3522 3138 3619 3212 ad
3690 3137 4325 3237 perpendiculum”

491 3276 835 3375 leguntur
877 3276 1094 3348 etiam
1140 3275 1370 3350 altero
1411 3276 1577 3348 loco
1626 3275 1700 3347 in
1750 3274 2011 3348 eodem
2058 3273 2401 3374 capite*),
2457 3276 2583 3349 ubi
2629 3274 2720 3348 de
2762 3273 3067 3348 aedibus
3096 3272 3422 3373 diastylis
3454 3274 3713 3373 agitur.
3784 3272 3939 3347 lam
3988 3274 4324 3348 facillime

493 3412 652 3485 fieri
697 3420 1010 3509 poterat,
1062 3421 1142 3484 ut
1173 3410 1510 3485 librarius
1550 3410 2050 3509 neglegentior
2079 3409 2216 3482 hos
2255 3434 2533 3508 paucos
2576 3434 2833 3483 versus
2858 3421 3223 3507 repeteret
3268 3410 3499 3506 iisque
3550 3408 3737 3481 male
3769 3409 4056 3483 insertis
4086 3418 4323 3483 totum

495 3546 761 3634 locum,
821 3546 944 3643 qui
990 3558 1102 3619 est-
1151 3542 1242 3619 de
1295 3544 1638 3643 operibus
1685 3543 2000 3643 systylis,
2045 3544 2395 3619 turbaret.
2500 3542 2595 3619 Et
2656 3544 2998 3642 quoniam
3065 3569 3317 3619 omnes
3363 3569 3549 3643 quos
3608 3542 3961 3617 habemus
4014 3541 4326 3617 Vitruvii

495 3680 788 3757 codices
837 3679 1145 3755 eandem
1187 3679 1400 3755 huius
1457 3680 1603 3753 loci
1645 3680 2134 3776 corruptelam
2178 3679 2548 3771 exhibent,
2578 3680 3041 3779 perspicuum
3070 3698 3183 3755 est
3213 3680 3358 3753 iam
3390 3680 3466 3752 in
3500 3677 3865 3753 communi
3897 3690 4319 3753 nostrorum

497 3814 832 3891 codicum
881 3816 1098 3891 fonte·
1125 3816 1368 3891 locum
1413 3814 1930 3915 interpolatum
1983 3812 2226 3887 fuisse.
2333 3814 2587 3912 Itaque
2622 3816 2957 3912 equidem
3000 3839 3265 3889 censeo
3301 3814 3545 3889 locum
3582 3822 3914 3887 nostrum
3958 3838 4105 3886 non
4136 3836 4319 3907 esse,

496 3962 580 4027 ut
624 3951 882 4048 reliqui
927 3948 1248 4027 editores‘
1299 3974 1552 4025 omnes
1599 3949 2010 4041 voluerunt,
2061 3948 2567 4048 supplendum,
2630 3950 2760 4025 sed
2810 3951 3054 4051 potius
3096 3947 3425 4025 eicienda
3482 3972 3643 4021 esse
3692 3972 3877 4045 quae
3944 3944 4327 4022 socordiae

496 4098 780 4162 tantum
833 4086 1292 4161 librariorum
1343 4082 1724 4159 debentur.
1829 4082 2166 4187 Eoditores
2217 4084 2386 4158 inde
2454 4111 2499 4158 a
2572 4084 2901 4159 Iocundo
2964 4088 3193 4161 verba
3258 4084 3589 4176 „habens
3650 4085 4041 4183 cymatium
4085 4124 4187 4139 -—
4228 4082 4325 4157 ad

495 4220 1122 4322 perpendiculum”
1179 4230 1604 4294 exemerunt
1637 4244 1730 4294 ex
1771 4244 1860 4293 eo
1905 4220 2092 4310 1000,
2145 4220 2270 4293 ubi
2315 4220 2390 4295 in
2423 4220 2801 4294 codicibus
2842 4220 3203 4319 leguntur,
3252 4244 3483 4317 eaque
3516 4227 4125 4316 transposuerunt
4156 4228 4327 4316 post

497 4369 888 4456 „aspectus
953 4350 1412 4455 dignitatem”
1431 4412 1452 4448 ‚
1521 4372 1614 4429 ·et
1682 4354 2024 4451 quoniam
2083 4356 2203 4446 ita,
2293 4366 2380 4451 ut⁸
2429 4356 2501 4428 in
2562 4354 2935 4429 codicibus
2985 4356 3345 4455 leguntur,
3410 4352 3729 4452 intellegi
3788 4366 4181 4450 nequeunt,
4240 4378 4330 4427 ea

499 4492 1026 4592 suppleverunt
1067 4491 1191 4583 ita,
1243 4506 1345 4584 ut,
1390 4515 1580 4588 quae
1628 4491 1772 4563 iam
1819 4514 2042 4587 supra
2075 4488 2451 4565 Vitruvius
2501 4488 2591 4563 de
2642 4514 2915 4564 corona
2949 4490 3196 4588 templi
3245 4488 3531 4588 diastyli
3579 4486 3887 4579 dixerat,
3930 4486 4023 4561 ad
4055 4489 4327 4585 templa

501 4628 780 4728 systyla
813 4638 1336 4725 repeterentur.
1407 4626 1511 4701 At
1554 4651 1704 4699 non
1746 4626 1982 4699 solum
2020 4626 2390 4724 superflua
2431 4638 2621 4717 sunt,
2678 4624 2810 4699 sed
2854 4624 2975 4699 vel
3016 4624 3433 4723 importuna
3480 4648 3567 4697 ac
3608 4623 3935 4711 molesta,
3982 4647 4167 4719 quae
4198 4620 4325 4695 tali

503 4764 784 4839 ratione
827 4761 920 4837 de
971 4786 1248 4835 corona
1290 4774 1745 4860 repetuntur.
1844 4758 2030 4835 Nam
2072 4759 2449 4835 Vitruvius
2509 4773 2898 4860 postquam
2942 4770 3175 4833 totam
3215 4760 3501 4858 generis
3548 4758 3796 4835 Dorici
3854 4756 4207 4830 rationem
4250 4756 4323 4827 in

505 4896 808 4974 aedibus
861 4897 1187 4994 diastylis
1236 4898 1578 4995 exposuit
1629 4922 2030 4994 omnesque
2077 4895 2523 4995 singularum
2583 4896 2897 4994 partium
2948 4918 3323 4969 mensuras
3377 4894 3743 4985 indicavit,
3814 4892 3978 4981 iam,
4054 4888 4175 4962 ubi
4233 4888 4325 4961 de

635 5208 686 5275 ε)
721 5208 812 5273 1v,
845 5206 895 5272 3,
928 5208 962 5262 6
995 5208 1074 5263 οᾱ.
1111 5208 1268 5261 Sohn.
