4867 5875
2129 241 2745 308 —g—

712 427 866 504 Iam
927 437 1232 526 apparet
1271 451 1388 500 me
1436 437 1732 524 praeter
1776 424 2308 500 vocabulorum
2357 425 2809 503 Graecorum
2854 427 3473 530 orthographiam,
3528 452 3749 528 quam
3780 421 4059 527 ubique'
4096 433 4250 508 fere
4280 434 4357 510 in

511 539 848 640 Vitruvio
897 561 1168 637 librarii
1217 560 1654 638 Graecarum
1695 563 2067 636 literarum
2124 561 2356 660 ignari
2395 563 2583 636 male
2644 562 2939 655 habent,
2994 587 3269 661 paucas
3322 573 3609 638 tantum
3660 587 3929 663 easque
3974 567 4355 644 facillimas

509 697 1056 809 emendationes
1083 695 1525 771 adhibuisse.
1577 697 1856 784 Restat,
1895 708 1976 771 ut
2009 707 2084 770 et
2108 720 2294 794 quae
2323 695 2707 771 emendavi
2738 697 3215 796 comprobem
3246 699 3710 798 argumentis,
3748 709 3823 772 et
3856 700 3981 774 ubi
4015 701 4351 778 codicum

507 835 940 933 scripturam
989 832 1277 924 retinui,
1332 833 1520 906 hanc
1567 843 1826 905 contra
1867 831 2234 906 editorum
2282 832 2735 906 coniecturas
2782 831 3192 906 defendam.
3288 831 3548 908 Statim
3605 834 3679 907 in
3722 834 3928 908 initio
3980 835 4343 914 Barbarus

509 993 824 1065 eumque
884 968 1115 1043 secuti
1171 964 1451 1042 Galiani
1501 977 1574 1040 et
1626 966 1884 1040 Marini
1939 965 2354 1065 „systylon”
2410 976 2693 1040 mutato
2744 968 2818 1040 in
2875 967 3452 1067 „pycnostylon'f
3492 970 3941 1067 scripserunt
3966 1009 3971 1016 ·
3998 971 4111 1058 „si
4166 996 4346 1047 vero

506 1102 998 1204 pycnostylon
1047 1113 1124 1177 et
1165 1101 1815 1201 monotriglyphon
1864 1125 2049 1199 opus
2098 1100 2236 1175 erit
2282 1099 2753 1175 faciendum''.
2854 1101 3125 1178 Dicunt
3172 1104 3366 1177 enim
3408 1128 3497 1176 ea
3544 1104 3838 1201 templa,
3886 1129 4073 1202 quae
4122 1131 4349 1206 supra

507 1238 1066 1314 intercolumnia
1096 1237 1419 1336 singulos
1461 1248 1742 1310 tantum
1788 1235 2108 1310 habeant
2137 1235 2568 1334 triglyphos,
2617 1234 2932 1310 arctiora
2966 1237 3239 1311 habere
3270 1238 3845 1327 intercolumnia,
3901 1263 4119 1337 quam
4159 1266 4349 1340 quae

505 1373 886 1448 Vitruvius
911 1373 1068 1471 ipse
1111 1370 1415 1446 aedibus
1449 1370 1743 1471 systylis
1791 1371 2085 1463 tribuat,
2139 1395 2370 1468 eaque
2413 1371 2710 1469 propius
2752 1371 3103 1445 accedere
3144 1371 3239 1446 ad
3274 1373 3881 1472 pycnostylorum
3906 1399 4341 1450 mensuram.

506 1507 669 1608 Ipse
721 1508 914 1582 enim
964 1505 1342 1582 Vitruvius
1362 1504 1438 1605 ¹⁸)
1493 1505 1835 1580 discernit
1885 1507 2202 1604 quinque
2249 1530 2524 1604 genera
2571 1503 2881 1594 aedium,
2936 1517 3158 1604 prout
3210 1511 3447 1583 minus
3490 1519 3619 1582 aut
3682 1508 3915 1583 maius
3962 1495 4075 1584 est
4132 1512 4343 1585 inter·

463 1670 471 1680 ‘
507 1643 1038 1744 columniorum
1084 1643 1437 1741 spatium;
1486 1666 1798 1739 quorum
1842 1619 2194 1740 generum
2237 1640 2537 1714 nomina
2568 1651 2741 1714 sunt
2785 1640 2987 1733 haec,
3024 1643 3477 1740 pycnostylo-3,
3535 1643 3738 1720 cuius
3782 1644 4341 1720 intercolumnio

505 1779 719 1854 unius
773 1789 848 1886 et
907 1776 1319 1853 dimidiatae
1369 1778 1751 1850 columnae
1801 1774 2209 1850 crassitudo
2285 1757 2675 1874 interponi¹
2701 1773 2980 1873 potest,
3063 1777 3371 1876 systylos,
3440 1779 3519 1851 in
3575 1802 3722 1875 quo
3782 1777 4093 1852 duarum
4151 1779 4344 1854 colu·

505 1937 839 1988 mnarum
883 1911 1288 1986 crassitudo
1352 1913 1422 1985 in
1451 1910 2024 1996 ‚intercolumnio
2075 1921 2320 2009 potest
2377 1909 2743 1997 collocari,
2816 1911 3123 2008 eustyloa
3178 1911 3383 1986 cuius
3438 1912 3995 1986 intercolumnia
4036 1912 4345 1988 duarum

405 2139 420 2160 Ι
508 2049 1007 2123 columnarum
1055 2058 1128 2121 et
1171 2059 1474 2145 quartae
1516 2047 1742 2145 partis
1793 2047 2176 2120 columnae
2231 2016 2609 2119 continent
2654 2044 3228 2140 crassitudinem,
3289 2021 3609 2121 medium
3668 2037 3909 2120 autem
3961 2050 4345 2125 intercolu-

505 2184 781 2258 mnium
824 2183 898 2255 in
925 2183 1164 2256 fronte
1216 2193 1289 2257 et
1319 2183 1390 2254 in
1437 2182 1726 2280 postico
1773 2181 1988 2255 trium
2034 2181 2536 2255 columnarum
2571 2165 3119 2282 crassitudinem
3162 2181 3407 2273 habet,
3448 2181 3791 2279 diastylos,
3834 2183 3904 2256 in
3946 2209 4091 2280 quo
4124 2185 4344 2258 trium

505 2319 1004 2410 columnarum
1049 2316 1604 2391 crassitudinem
1653 2315 2212 2390 intercolumnio
2275 2317 2736 2414 interponere
2780 2321 3191 2412 possu‘muS,
3244 2315 3557 2414 denique
3600 2319 4030 2415 araeostylos,
4076 2318 4149 2390 in
4194 2344 4342 2417 quo

505 2452 1062 2527 intercolumnia
1141 2452 1261 2525 vel
1333 2450 1642 2549 amplius
1711 2463 1881 2525 sunt
1939 2451 2284 2550 patentia.
2389 2449 2578 2526 Tota
2638 2464 2883 2527 autem
2956 2452 3133 2525 haec
3214 2476 3401 2549 quae
3466 2477 3559 2525 ex
3622 2453 4339 2527 intercolumniorum

507 2611 847 2662 mensura
889 2588 1121 2686 petita
1163 2597 1274 2661 est
1328 2587 1648 2684 quinque'
1690 2610 2039 2685 generum
2071 2585 2437 2660 distinctio
2483 2610 2943 2684 nequaquam
2975 2585 3359 2660 referenda
3400 2597 3509 2660 est
3551 2585 3647 2659 ad
3670 2586 4016 2661 Doricam
4053 2588 4341 2663 aedium

505 2725 884 2810 rationem,
928 2721 1057 2796 sed
1105 2722 1418 2820 pertinet
1469 2720 1933 2795 ad·Ionicum
1977 2732 2259 2796 tantum
2296 2732 2369 2794 et
2419 2720 2514 2794 ad
2559 2720 3016 2795 Corinthium
3060 2746 3311 2822 genus.
3416 2719 3601 2794 Nam
3645 2721 3717 2792 in
3747 2721 4035 2820 templis
4076 2722 4341 2798 Ionicis

507 2870 584 2934 et
631 2857 1042 2952 Corinthiis,
1098 2857 1222 2930 ubi
1267 2857 1569 2959 zophori
1611 2868 1738 2931 aut
1784 2857 1948 2956 puri
1993 2866 2166 2930 sunt
2209 2869 2335 2930 aut
2372 2855 2617 2930 liberis
2668 2857 3109 2930 ornamentis
3144 2855 3480 2956 insigniti,
3537 2856 4033 2930 columnarum
4069 2859 4337 2956 positio
4442 2873 4451 2896 ‘

506 2974 666 3069 non'
715 2993 990 3093 pendet
1041 3018 1134 3067 ex
1201 2991 1504 3091 zophori
1554 3004 1839 3083 natura,
1902 3016 2206 3090 eamque
2269 2991 2365 3065 ob
2431 3016 2727 3066 causam
2784 2992 3098 3065 maiores
3166 2991 3897 3065 intercolumniorum·
3946 2993 4339 3067 varietates

507 3130 858 3205 exsistere
923 3139 1272 3228 possunt;
1358 3126 1628 3201 Dorico
1675 3138 1919 3202 autem
1978 3128 2052 3201 in
2119 3151 2387 3227 genere
2454 3140 2528 3201 et
2578 3126 3075 3201 columnarum
3137 3126 3405 3225 positio
3470 3137 3545 3200 et
3616 3126 4341 3202 intercolumniorum

369 3332 385 3348 ‚
506 3288 849 3338 mensura
902 3264 1135 3337 omnis
1183 3260 1458 3361 pendet
1519 3288 1612 3337 ex
1663 3262 1984 3362 zophori,
2065 3262 2186 3361 qui
2238 3287 2332 3336 ex
2393 3262 2776 3363 triglyphis
2830 3275 2905 3337 et
2954 3262 3267 3361 metopis
3324 3246 3774 3362 compo'situs
3837 3274 3969 3350 est,
4036 3272 4333 3354 natura3
4374 3306 4379 3315 ·

387 3426 394 3437 ·
510 3410 954 3498 quapropter
1000 3398 1182 3471 duas
1227 3407 1512 3470 tantum
1560 3396 1845 3470 aedium
1881 3397 2314 3472 Doricarum
2356 3398 2634 3496 species
2690 3396 3069 3471 Vitruvius
3118 3397 3483 3486 discernit,
3544 3420 3780 3494 neque
3827 3408 4137 3496 possunt
4176 3422 4335 3473 esse

505 3536 792 3634 plures;
842 3558 1011 3607 nam
1059 3542 1186 3606 aut
1229 3532 1644 3607 remissiora
1687 3545 1855 3607 sunt
1899 3533 2455 3609 intercolumnia
2506 3533 2921 3629 habentque
2976 3532 3163 3605 duos
3210 3532 3619 3631 triglyphos
3658 3533 4149 3631 interpositos,
4212 3543 4337 3606 aut

507 3683 680 3745 sunt
721 3668 1036 3743 arctiora
1067 3667 1483 3767 habentque
1517 3669 1839 3769 singulos
1869 3682 2153 3745 tantum
2184 3669 2591 3769 triglyphos
2609 3696 2627 3758 ;
2682 3668 2988 3742 alterum
3024 3691 3255 3766 genus
3288 3666 3663 3741 Vitruvius
3702 3678 3923 3749 vocat
3948 3666 4326 3766 diastylon,

509 3804 815 3879 alterum
860 3803 1210 3903 systylon.
1315 3804 1570 3901 Itaque
1617 3804 1796 3877 nihil
1842 3803 2270 3878 mutandum
2317 3814 2428 3877 est
2476 3804 2549 3876 in
2596 3803 2927 3877 codicum
2969 3802 3348 3900 scriptura,
3398 3813 3615 3899 atque
3664 3802 3736 3873 in
3787 3824 4107 3875 errorem
4152 3798 4337 3899 lapsi

509 3951 680 4014 sunt
735 3938 857 4037 qui
880 4007 886 4016 ,
913 3937 1110 4012 illam
1155 3938 1473 4037 quinque
1531 3964 1879 4039 generum
1923 3938 2459 4012 distinctionem
2520 3938 2614 4011 ad
2655 3938 3012 4012 rationem
3072 3936 3417 4010 Doricam
3476 3936 3870 4011 transferre
3921 3936 4333 4009 voluerunt.

708 4072 884 4149 Levi
918 4072 1424 4148 emendatione
1460 4073 1786 4174 indigent
1817 4074 2096 4147 numeri
2129 4073 2615 4163 modulorum,
2671 4073 2794 4169 qui
2828 4073 3081 4170 templi
3108 4040 3469 4171 tetrastyli
3518 4084 3592 4145 et
3623 4072 3983 4169 hexastyli
4018 4074 4339 4145 frontem

509 4209 852 4283 efficiunt.
953 4207 1036 4282 In
1099 4208 1481 4307 tetrastylo
1545 4204 1836 4283 c‘odices
1904 4207 2190 4307 plurimi
2237 4221 2313 4282 et
2369 4206 2623 4307 optimi
2684 4208 2999 4280 frontem
3051 4206 3303 4282 dicunt
3364 4206 3634 4281 habere
3679 4203 3918 4278 XVIII
3974 4204 4335 4298 modulos,

510 4342 691 4419 Cod.
745 4342 1044 4443 Sagred.
1101 4341 1428 4432 XXVIII,
1495 4342 1676 4419 cod.
1729 4342 2044 4417 Florent.
2099 4342 2275 4443 plut.
2337 4342 2559 4433 XXX,
2628 4366 2824 4414 num.
2879 4344 2969 4415 12
3037 4351 3111 4415 et
3162 4340 3478 4414 Wratisl.
3530 4339 3787 4431 XXIX,
3854 4339 4034 4413 cod.
4105 4340 4333 4413 Palat.

513 4480 705 4551 1563
759 4490 834 4552 et
884 4476 1162 4553 Corsin.
1214 4476 1716 4571 XXIII,·inter
1774 4476 2089 4552 editores
2140 4476 2526 4564 Iocundus,
2586 4476 3253 4575 Machaeropioeus,
3307 4474 3717 4565 Philander‚
3771 4474 4061 4563 Laetus,
4126 4474 4335 4548 Rode

510 4625 584 4687 et
643 4614 1031 4712 Bipontina
1091 4613 1364 4687 habent
1437 4612 1694 4706 XXIII,
1773 4612 2116 4689 Galianus
2183 4625 2258 4687 et
2317 4611 2633 4707 Polenus
2690 4610 2926 4699 XXII,
3008 4610 3411 4696 Barbarus,
3486 4607 3881 4683 Schneider
3948 4623 4023 4685 et
4078 4610 4334 4683 Marini

507 4744 782 4821 XVIIII
811 4746 886 4823 S.
988 4746 1257 4821 Veram
1304 4773 1462 4823 esse
1505 4749 1688 4823 hanc
1735 4747 2061 4822 ultimam
2121 4747 2555 4846 scripturam
2610 4746 2905 4819 calculis
2972 4744 3167 4819 initis
3210 4742 3421 4817 facile
3483 4743 4043 4820 demonstratur.
4146 4742 4333 4855 Nam

509 4882 584 4955 in
628 4884 904 5003 systylo
945 4883 1324 4982 tetrastylo
1371 4884 1744 4957 habemus-
1772 4908 1994 4982 supra
2057 4882 2398 4987 singulas⁵
2421 4881 2799 4955 columnas
2858 4878 3183 4979 singulos
3230 4879 3637 4979 triglyphos
3688 4885 3817 4978 (=
3865 4881 3912 4950 4
3944 4880 4195 4979 trigl.),
4261 4862 4335 4952 in

641 5181 904 5249 ’ΠΠιΒι
