4867 5875
574 501 742 554 eam
775 477 1048 552 factam
1101 499 1264 550 esse
1325 473 1418 549 ad
1477 474 1872 552 editionem
1931 474 2237 550 Iocundi
2295 478 2469 551 anni
2522 479 2745 552 1522.
2844 475 2993 550 Diu
3050 475 3391 568 mirabar,
3456 473 3656 573 quod
3716 473 3965 550 multis
4008 474 4211 567 locis,
4296 475 4423 552 ubi

574 610 878 688 Iocundi
925 610 1422 686 coniecturam
1467 613 1588 686 vel
1619 611 2258 711 interpolationem
2288 611 2857 710 deprehendisse
2902 611 3083 686 mihi
3124 610 3431 686 videbar
3452 666 3471 703 ‚
3526 609 3857 684 codicem
3879 609 4423 686 Bononiensem

577 746 860 822 variare
935 771 1088 820 non
1139 755 1474 820 notatum
1535 759 1749 822 esset.
1849 743 2004 820 Nec
2077 747 2322 820 facere
2384 759 2741 845 poteram,
2809 747 2984 846 quin
3044 746 3375 822 codicem
3438 754 3565 820 aut
3618 767 3921 842 prorsus
3976 743 4420 844 peculiarem

576 881 1078 958 recensionem
1121 879 1498 955 continere
1544 893 1692 972 aut,
1746 880 1946 978 quod
1997 882 2459 956 verisimilius
2504 882 2681 956 mihi
2728 882 3139 969 videbatur,
3186 869 3817 980 neglegentissime
3866 879 4215 956 collatum
4260 905 4421 956 esse

581 1018 1012 1116 suspicarer.
1109 1015 1366 1112 Itaque
1418 1039 1546 1112 per
1606 1016 1989 1114 epistolam
2045 1015 2198 1090 adii
2257 1017 2759 1092 professorem
2832 1017 3371 1092 Bononiensem
3416 1015 3641 1104 Praxi,
3700 1039 3971 1116 rogans
3986 1069 4007 1106 ,
4084 1027 4167 1090 ut
4214 1016 4421 1090 locos

581 1151 992 1242 nonnullos,
1039 1152 1117 1226 in
1159 1149 1424 1248 quibus
1467 1150 1948 1226 Bononiensis
1989 1177 2038 1226 a
2085 1152 2382 1249 reliquis
2425 1151 2802 1228 codicibus
2850 1152 3263 1250 discrepare
3282 1209 3301 1244 ‚
3380 1175 3547 1226 cum
3588 1149 3917 1259 Iocundo
3962 1149 4417 1226 concordare

581 1286 990 1376 videbatur,
1053 1284 1466 1360 accuratius
1533 1287 2004 1362 examinaret.
2100 1284 2323 1377 Quod
2384 1313 2555 1362 cum
2603 1288 2745 1380 ille,
2812 1312 2959 1386 qua
3018 1299 3130 1362 est
3189 1287 3645 1374 liberalitate,
3706 1287 4021 1374 fecisset,
4084 1285 4423 1384 apparuit
4564 1391 4569 1404 Ι

573 1447 838 1514 ⁸verum
875 1445 1048 1496 esse
1115 1418 1318 1518 quod
1365 1420 1770 1520 suspicatus
1805 1445 2042 1512 eram;
2099 1407 2437 1496 omnibus
2470 1423 2582 1496 his
2613 1423 2792 1496 locis
2836 1421 3319 1497 Bononiensis
3360 1447 3513 1495 non
3559 1421 3945 1496 differebat
3976 1445 4023 1494 a
4054 1419 4421 1495 communi

581 1555 918 1631 codicum
960 1555 1294 1630 lectione.
1399 1555 1578 1630 Inde
1619 1581 1768 1629 non
1807 1555 2109 1630 dubium
2151 1555 2465 1648 videtur,
2511 1559 2683 1655 quin
2714 1557 2997 1650 Marini,
3042 1558 3165 1655 qui
3194 1581 3401 1631 suam
3434 1557 3903 1630 collationem
3944 1553 4091 1630 fide
4124 1553 4419 1654 dignam

581 1689 1026 1788 opinabatur
1043 1748 1060 1780 ,
1165 1691 1702 1782 Bononiensem
1787 1691 2120 1766 codicem
2193 1717 2358 1766 cum
2440 1663 2767 1768 Idcundo
2834 1693 3243 1767 consentire
3332 1716 3643 1790 eumque
3720 1690 4421 1790 praestantissimum

587 1829 908 1900 omnium
937 1825 1114 1900 'esse
1164 1827 1552 1924 putaverit.
1659 1825 1810 1900 Nec
1859 1827 2146 1918 mirum,
2208 1827 2406 1925 quod
2452 1828 2555 1901 ita
2601 1829 2925 1926 plurimis
2983 1841 3059 1904 et
3114 1828 3575 1927 potissimum
3618 1825 4054 1900 difficillimis
4112 1825 4189 1898 in
4236 1825 4420 1898 locis

581 1959 1102 2060 decipiebatur.
1207 1959 1478 2036 Postea
1539 1962 1692 2059 ipse
1710 2018 1732 2050 ,
1817 1985 1992 2036 cum
2057 1962 2433 2043 Bononiae
2500 1988 2735 2038 essem
2753 2020 2774 2052 ,
2846 1963 3179 2038 codicem
3263 1963 3673 2038 accuratius
3728 1961 4019 2060 inspexi
4106 1983 4418 2057 eumque

583 2097 766 2170 nihil
813 2121 859 2169 a
899 2095 1196 2192 reliquis
1247 2096 1772 2170 recentioribus
1819 2095 2110 2172 differre
2155 2113 2230 2172 et
2287 2123 2382 2172 ne
2439 2099 2757 2173 melioris
2808 2098 3103 2196 quidem
3166 2110 3387 2172 notae
3430 2122 3591 2172 esse
3650 2095 3839 2186 vidi3
3924 2093 4055 2170 sed
4102 2095 4417 2192 scriptus

589 2241 704 2304 est
751 2231 1293 2306 characteribus
1337 2255 1484 2304 non
1533 2233 1710 2308 satis
1755 2230 2150 2322 distinctis;
2213 2235 2604 2332 praecipue
2652 2235 2729 2307 in
2775 2234 3303 2309 vocabu-lorum
3350 2230 3979 2306 terminationibus
4026 2230 4301 2304 multae
4344 2239 4443 2344 et¹

583 2365 946 2440 interdum
993 2365 1436 2444 difficiliores
1485 2364 1850 2440 adhibitae
1913 2378 2082 2440 sunt
2133 2379 2390 2458 notae;
2454 2394 2684 2467 eaque
2744 2367 3137 2444 difficultas
3206 2393 3429 2442 causa
3489 2367 3713 2440 fuisse
3769 2366 4093 2454 videtur,
4154 2373 4289 2438 ‘cur
4328 2364 4414 2454 is,

579 2485 704 2599 qui
753 2499 1086 2576 codicem
1131 2501 1462 2592 contulit,
1507 2499 1892 2575 Matinium
1940 2501 2277 2600 decipere
2329 2505 2686 2595 maluerit,
2740 2529 2959 2601 quam
2997 2504 3347 2591 laborem,
3400 2503 3509 2577 uti
3545 2501 3887 2592 debebat,
3944 2501 4268 2597 exsequi.
4310 2541 4417 2560 --

781 2635 978 2710 Talis
1052 2660 1218 2709 cum
1287 2649 1484 2710 esset
1569 2637 1920 2712 librorum
1993 2635 2595 2712 Vitruvianorum
2666 2638 2991 2714 conditio
3011 2693 3033 2729 ,
3125 2636 3453 2736 paranda
3518 2662 3715 2713 nova
3784 2634 4207 2712 recensione
4262 2657 4415 2709 non

579 2769 834 2844 inutile
896 2795 1082 2869 opus
1129 2771 1497 2870 suscipere
1540 2771 1718 2844 mihi
1761 2771 2097 2863 videbar-3
2147 2797 2294 2870 qua
2343 2775 2418 2846 in
2466 2798 2546 2848 re
2596 2798 2817 2872 quam
2861 2773 3219 2848 rationem
3262 2784 3563 2848 secutus
3600 2774 3759 2864 sim,
3814 2772 4115 2872 longum
4144 2782 4255 2844 est
4295 2769 4413 2844 hic

583 2903 998 3007 singulatim
1063 2907 1424 3005 persequi.
1527 2905 1788 2981 Paucis
1841 2908 2086 3009 potius
2151 2909 2501 3009 exemplis
2544 2909 2971 3010 ,propositis
3041 2907 3565 2983 demonstrabo
3617 2933 3733 2983 me
3807 2907 3883 2981 id
3954 2906 4413 3005 potissimum

581 3043 844 3141 egisse,
905 3053 988 3116 ut
1065 3066 1110 3115 a
1169 3040 1494 3140 priorum
1565 3041 1926 3117 editorum
1987 3045 2106 3118 vel
2162 3046 2570 3120 temeritate
2654 3046 2775 3119 vel
2838 3045 3179 3119 socordia
3239 3043 3555 3121 vitruvii
3618 3044 3849 3119 verba
3916 3041 4013 3116 ad
4076 3041 4412 3115 codicum

581 3178 1084 3251 auctoritatem
1141 3200 1588 3252 revocarem.

778 3468 862 3544 In
910 3470 1072 3544 libri
1135 3472 1373 3569 quarti
1415 3472 1652 3569 capite
1694 3472 1910 3548 tertio
1958 3472 2336 3549 Vitruvius
2395 3475 2701 3574 exponit
2744 3474 3088 3549 Doricam
3136 3472 3421 3547 aedium
3468 3474 3836 3547 sacrarum
3880 3471 4275 3556 rationem,
4336 3478 4412 3544 et

577 3570 969 3706 postquam
1014 3604 1220 3681 initio
1267 3606 1556 3681 locutus
1609 3619 1719 3681 est
1761 3607 1851 3681 de
1899 3609 2241 3707 operibus
2273 3610 2603 3707 diastylis,
2645 3634 2955 3707 quorum
3000 3608 3074 3681 in
3113 3607 3682 3687 intercolumniis
3714 3604 4079 3680 mediisin
4128 3626 4408 3702 pronao

575 3752 654 3816 et
685 3741 972 3838 postico
1001 3743 1212 3828 terni,
1257 3742 1326 3814 in
1359 3742 1653 3840 reliquis
1693 3744 2259 3819 intercolumniis
2300 3745 2449 3819 bini
2484 3746 2829 3845 triglyphi
2862 3758 3031 3819 sunt
3082 3746 3439 3835 collocati,
3486 3742 3745 3818 transit
3772 3742 3865 3815 ad
3900 3736 4409 3838 explicandam

583 3900 888 3975 operum
930 3876 1330 3972 systybnnm
1374 3878 1731 3953 rationem
1747 3875 1856 3969 *)‚
1903 3904 2087 3975 quae
2135 3880 2569 3955 arctioribus
2612 3880 3178 3955 intercolumniis
3221 3880 3324 3953 ita
3370 3889 3540 3952 sunt
3588 3890 4031 3976 comparata,
4074 3884 4156 3947 ut
4186 3896 4410 3970 supra

581 4011 864 4110 singula
907 4010 1463 4086 intercolumnia
1504 4013 1828 4111 singulos
1871 4014 2296 4114 triglyphos,
2345 4040 2569 4114 supra
2616 4015 2857 4089 media
2899 4015 2974 4088 in
3012 4039 3293 4113 pronao
3344 4027 3419 4089 et
3469 4014 3753 4113 postico
3796 4012 4009 4086 binos
4066 4009 4405 4086 habeant.

579 4142 814 4218 Locus
887 4146 1008 4221 hic
1069 4157 1180 4219 est
1243 4146 1318 4219 in
1383 4146 1756 4221 codicibus
1820 4148 2154 4223 omnibus
2227 4162 2652 4249 corruptus,
2716 4150 2809 4225 ab
2884 4150 3286 4226 editoribus
3348 4150 3568 4224 variis
3646 4149 3884 4222 modis
3958 4145 4403 4236 emendatus,

583 4277 1034 4368 dilaceratUS,
1085 4282 1588 4380 interpolatus,
1639 4283 2102 4358 nihilominus
2144 4296 2386 4358 tamen
2427 4286 2520 4359 ab
2570 4287 2907 4360 omnibus
2936 4288 3111 4378 fere,
3162 4287 3285 4384 qui
3330 4286 3424 4359 ad
3454 4285 4008 4360 architecturam
4037 4282 4407 4379 antiquam

581 4413 906 4487 studium
969 4418 1462 4506 contulerunt,
1527 4418 1974 4518 desperatus.
2079 4418 2180 4493 Ut
2227 4420 2481 4493 ordine
2529 4445 2684 4493 rem
2738 4420 3157 4521 aggrediar,
3222 4422 3539 4520 primum
3596 4443 4006 4519 proponam
4072 4415 4407 4491 codicum

580 4548 993 4623 lectionem.
1078 4551 1351 4625 'Codex
1429 4554 1689 4653 Regin.
1755 4556 1984 4645 1504,
2059 4579 2375 4652 quocum
2452 4556 2709 4653 reliqui
2777 4580 3063 4649 omnes,
3146 4557 3206 4629 si
3267 4556 3590 4654 excipias
3670 4578 3937 4653 parvas
4015 4552 4405 4627 nonnullas

577 4682 1100 4783 discrepantias
1149 4688 1763 4787 orthographicas,
1815 4691 2296 4781 consentiunt,
2353 4690 2596 4764 locum
2644 4690 2748 4765 ita
2792 4691 3053 4766 habet:

921 4798 928 4805 ’
978 4818 1231 4912 „Haec
1279 4824 1466 4897 ratio
1515 4824 1589 4897 in
1636 4824 1978 4923 operibus
2025 4824 2378 4925 diastyliis
2424 4826 2561 4899 erit
2614 4827 3030 4909 constituta.
3136 4824 3211 4901 Si
3254 4849 3432 4899 vero
3480 4826 3811 4925 systylon
3843 4834 3919 4897 et
3944 4822 4404 4920 monotricly-

881 4954 1086 5052 phou
1140 4979 1324 5054 opus
1370 4959 1508 5031 erit
1545 4958 1976 5051 faciendum,
2039 4962 2243 5034 frons
2291 4960 2514 5051 aediS,
2558 4962 2619 5034 si
2661 4962 3043 5062 tetrastylo
3102 4963 3257 5052 erit,
3319 4960 3687 5035 dividatur
3725 4960 3803 5033 in
3852 4968 4095 5057 partes
4141 4953 4401 5031 XVIII.

651 5225 701 5291 θ)
735 5226 940 5279 vitruv.
971 5232 1064 5296 IV,
1095 5228 1146 5295 3,
1182 5230 1214 5283 7
1248 5234 1328 5285 ed.
1362 5234 1662 5299 Schneider,
1694 5250 1812 5303 pag.
1847 5234 1950 5289 174
1983 5252 2126 5291 meae
2159 5236 2416 5293 editionis.
