<?xml version="1.0" encoding="UTF-8"?>
<!DOCTYPE html PUBLIC "-//W3C//DTD XHTML 1.0 Transitional//EN"
    "http://www.w3.org/TR/xhtml1/DTD/xhtml1-transitional.dtd">
<html xmlns="http://www.w3.org/1999/xhtml" xml:lang="en" lang="en">
 <head>
  <title>
</title>
<meta http-equiv="Content-Type" content="text/html;charset=utf-8" />
  <meta name='ocr-system' content='tesseract 3.04.00' />
  <meta name='ocr-capabilities' content='ocr_page ocr_carea ocr_par ocr_line ocrx_word'/>
</head>
<body>
  <div class='ocr_page' id='page_1' title='image "./observationescr00loregoog_0008.png"; bbox 0 0 4867 5875; ppageno 0'>
   <div class='ocr_carea' id='block_1_1' title="bbox 2153 275 2769 340">
    <p class='ocr_par' dir='ltr' id='par_1_1' title="bbox 2153 275 2769 340">
     <span class='ocr_line' id='line_1_1' title="bbox 2153 275 2769 340; baseline 0.002 -15"><span class='ocrx_word' id='word_1_1' title='bbox 2153 275 2769 340; x_wconf 73' lang='grc'><strong>.-.2-..-</strong></span> 
     </span>
    </p>
   </div>
   <div class='ocr_carea' id='block_1_2' title="bbox 539 450 4385 2314">
    <p class='ocr_par' dir='ltr' id='par_1_2' title="bbox 539 450 4383 2056">
     <span class='ocr_line' id='line_1_2' title="bbox 539 450 4374 560; baseline 0 -22"><span class='ocrx_word' id='word_1_2' title='bbox 539 487 818 551; x_wconf 85' lang='lat' dir='ltr'><strong>versus,</strong></span> <span class='ocrx_word' id='word_1_3' title='bbox 871 463 996 560; x_wconf 86' lang='lat' dir='ltr'><strong>qui</strong></span> <span class='ocrx_word' id='word_1_4' title='bbox 1042 463 1134 538; x_wconf 91' lang='lat' dir='ltr'><strong>ab</strong></span> <span class='ocrx_word' id='word_1_5' title='bbox 1179 487 1326 537; x_wconf 93' lang='lat' dir='ltr'><strong>uno</strong></span> <span class='ocrx_word' id='word_1_6' title='bbox 1373 461 1468 537; x_wconf 89' lang='lat' dir='ltr'><strong>ad</strong></span> <span class='ocrx_word' id='word_1_7' title='bbox 1493 450 1819 535; x_wconf 79' lang='lat' dir='ltr'><strong>¹alterum</strong></span> <span class='ocrx_word' id='word_1_8' title='bbox 1860 462 2261 560; x_wconf 83' lang='lat' dir='ltr'><strong>marginem</strong></span> <span class='ocrx_word' id='word_1_9' title='bbox 2309 461 2587 560; x_wconf 81' lang='lat' dir='ltr'><strong>integre</strong></span> <span class='ocrx_word' id='word_1_10' title='bbox 2636 463 2953 560; x_wconf 84' lang='lat' dir='ltr'><strong>porrecti</strong></span> <span class='ocrx_word' id='word_1_11' title='bbox 2998 475 3202 552; x_wconf 80' lang='lat' dir='ltr'><strong>sunt3</strong></span> <span class='ocrx_word' id='word_1_12' title='bbox 3256 462 3798 538; x_wconf 79' lang='lat' dir='ltr'><strong>accuratissime</strong></span> <span class='ocrx_word' id='word_1_13' title='bbox 3842 476 3957 538; x_wconf 88' lang='lat' dir='ltr'><strong>est</strong></span> <span class='ocrx_word' id='word_1_14' title='bbox 3991 475 4374 558; x_wconf 84' lang='lat' dir='ltr'><strong>exaratus;</strong></span> 
     </span>
     <span class='ocr_line' id='line_1_3' title="bbox 539 595 4381 696; baseline 0.001 -24"><span class='ocrx_word' id='word_1_15' title='bbox 539 599 778 673; x_wconf 86' lang='lat' dir='ltr'><strong>forma</strong></span> <span class='ocrx_word' id='word_1_16' title='bbox 827 598 1329 672; x_wconf 83' lang='lat' dir='ltr'><strong>characterum</strong></span> <span class='ocrx_word' id='word_1_17' title='bbox 1373 597 1762 696; x_wconf 86' lang='lat' dir='ltr'><strong>perspicua</strong></span> <span class='ocrx_word' id='word_1_18' title='bbox 1809 608 1959 686; x_wconf 91' lang='lat' dir='ltr'><strong>est;</strong></span> <span class='ocrx_word' id='word_1_19' title='bbox 2027 619 2264 693; x_wconf 89' lang='lat' dir='ltr'><strong>neque</strong></span> <span class='ocrx_word' id='word_1_20' title='bbox 2311 597 2584 670; x_wconf 84' lang='lat' dir='ltr'><strong>multae</strong></span> <span class='ocrx_word' id='word_1_21' title='bbox 2626 621 2865 694; x_wconf 91' lang='lat' dir='ltr'><strong>neque</strong></span> <span class='ocrx_word' id='word_1_22' title='bbox 2911 596 3237 672; x_wconf 88' lang='lat' dir='ltr'><strong>difficiles</strong></span> <span class='ocrx_word' id='word_1_23' title='bbox 3282 608 3454 672; x_wconf 89' lang='lat' dir='ltr'><strong>sunt</strong></span> <span class='ocrx_word' id='word_1_24' title='bbox 3510 611 3752 673; x_wconf 92' lang='lat' dir='ltr'><strong>notae.</strong></span> <span class='ocrx_word' id='word_1_25' title='bbox 3858 595 4001 689; x_wconf 80' lang='lat' dir='ltr'><strong>Qui</strong></span> <span class='ocrx_word' id='word_1_26' title='bbox 4050 599 4381 675; x_wconf 88' lang='lat' dir='ltr'><strong>codicem</strong></span> 
     </span>
     <span class='ocr_line' id='line_1_4' title="bbox 545 729 4380 834; baseline 0.001 -27"><span class='ocrx_word' id='word_1_27' title='bbox 545 733 862 808; x_wconf 89' lang='lat' dir='ltr'><strong>confecit</strong></span> <span class='ocrx_word' id='word_1_28' title='bbox 901 734 1236 808; x_wconf 88' lang='lat' dir='ltr'><strong>librarius</strong></span> <span class='ocrx_word' id='word_1_29' title='bbox 1285 729 1602 808; x_wconf 87' lang='lat' dir='ltr'><strong>Graecae</strong></span> <span class='ocrx_word' id='word_1_30' title='bbox 1649 731 1939 831; x_wconf 86' lang='lat' dir='ltr'><strong>linguae</strong></span> <span class='ocrx_word' id='word_1_31' title='bbox 1991 733 2288 832; x_wconf 86' lang='lat' dir='ltr'><strong>ignarus</strong></span> <span class='ocrx_word' id='word_1_32' title='bbox 2327 731 2500 820; x_wconf 83' lang='lat' dir='ltr'><strong>fuit3</strong></span> <span class='ocrx_word' id='word_1_33' title='bbox 2566 756 2739 804; x_wconf 91' lang='lat' dir='ltr'><strong>nam</strong></span> <span class='ocrx_word' id='word_1_34' title='bbox 2785 755 2970 828; x_wconf 89' lang='lat' dir='ltr'><strong>quae</strong></span> <span class='ocrx_word' id='word_1_35' title='bbox 3028 733 3100 804; x_wconf 91' lang='lat' dir='ltr'><strong>in</strong></span> <span class='ocrx_word' id='word_1_36' title='bbox 3149 732 3339 806; x_wconf 90' lang='lat' dir='ltr'><strong>libro</strong></span> <span class='ocrx_word' id='word_1_37' title='bbox 3396 744 3663 807; x_wconf 84' lang='lat' dir='ltr'><strong>octavo</strong></span> <span class='ocrx_word' id='word_1_38' title='bbox 3706 733 4171 809; x_wconf 90' lang='lat' dir='ltr'><strong>inveniuntur</strong></span> <span class='ocrx_word' id='word_1_39' title='bbox 4234 737 4380 834; x_wconf 91' lang='lat' dir='ltr'><strong>epi-</strong></span> 
     </span>
     <span class='ocr_line' id='line_1_5' title="bbox 545 864 4377 968; baseline 0.001 -28"><span class='ocrx_word' id='word_1_40' title='bbox 545 881 950 968; x_wconf 86' lang='lat' dir='ltr'><strong>grammata</strong></span> <span class='ocrx_word' id='word_1_41' title='bbox 1001 881 1074 944; x_wconf 91' lang='lat' dir='ltr'><strong>et</strong></span> <span class='ocrx_word' id='word_1_42' title='bbox 1117 892 1303 966; x_wconf 91' lang='lat' dir='ltr'><strong>quae</strong></span> <span class='ocrx_word' id='word_1_43' title='bbox 1361 867 1504 941; x_wconf 90' lang='lat' dir='ltr'><strong>alia</strong></span> <span class='ocrx_word' id='word_1_44' title='bbox 1543 867 1816 965; x_wconf 89' lang='lat' dir='ltr'><strong>passim</strong></span> <span class='ocrx_word' id='word_1_45' title='bbox 1871 868 2144 942; x_wconf 90' lang='lat' dir='ltr'><strong>inserta</strong></span> <span class='ocrx_word' id='word_1_46' title='bbox 2190 879 2360 941; x_wconf 91' lang='lat' dir='ltr'><strong>sunt</strong></span> <span class='ocrx_word' id='word_1_47' title='bbox 2410 866 2775 939; x_wconf 90' lang='lat' dir='ltr'><strong>vocabula</strong></span> <span class='ocrx_word' id='word_1_48' title='bbox 2820 864 3101 941; x_wconf 90' lang='lat' dir='ltr'><strong>Graeca</strong></span> <span class='ocrx_word' id='word_1_49' title='bbox 3164 867 3553 941; x_wconf 84' lang='lat' dir='ltr'><strong>maximam</strong></span> <span class='ocrx_word' id='word_1_50' title='bbox 3591 879 3870 966; x_wconf 82' lang='lat' dir='ltr'><strong>partem</strong></span> <span class='ocrx_word' id='word_1_51' title='bbox 3922 869 4095 943; x_wconf 82' lang='lat' dir='ltr'><strong>sunt</strong></span> <span class='ocrx_word' id='word_1_52' title='bbox 4138 895 4377 944; x_wconf 88' lang='lat' dir='ltr'><strong>corru-</strong></span> 
     </span>
     <span class='ocr_line' id='line_1_6' title="bbox 543 1001 4378 1102; baseline 0.001 -24"><span class='ocrx_word' id='word_1_53' title='bbox 543 1003 892 1102; x_wconf 86' lang='lat' dir='ltr'><strong>ptissima,</strong></span> <span class='ocrx_word' id='word_1_54' title='bbox 957 1009 1481 1102; x_wconf 75' lang='lat' dir='ltr'><strong>nonnunquam</strong></span> <span class='ocrx_word' id='word_1_55' title='bbox 1539 1026 1839 1100; x_wconf 89' lang='lat' dir='ltr'><strong>prorsus</strong></span> <span class='ocrx_word' id='word_1_56' title='bbox 1909 1003 2194 1076; x_wconf 88' lang='lat' dir='ltr'><strong>omissa.</strong></span> <span class='ocrx_word' id='word_1_57' title='bbox 2333 1001 2593 1075; x_wconf 82' lang='lat' dir='ltr'><strong>Codex</strong></span> <span class='ocrx_word' id='word_1_58' title='bbox 2656 1001 2771 1074; x_wconf 92' lang='lat' dir='ltr'><strong>hic</strong></span> <span class='ocrx_word' id='word_1_59' title='bbox 2835 1001 3079 1098; x_wconf 88' lang='lat' dir='ltr'><strong>potius</strong></span> <span class='ocrx_word' id='word_1_60' title='bbox 3146 1015 3461 1076; x_wconf 86' lang='lat' dir='ltr'><strong>exeunte</strong></span> <span class='ocrx_word' id='word_1_61' title='bbox 3526 1001 3810 1076; x_wconf 89' lang='lat' dir='ltr'><strong>decimo</strong></span> <span class='ocrx_word' id='word_1_62' title='bbox 3886 1005 4005 1078; x_wconf 89' lang='lat' dir='ltr'><strong>vel</strong></span> <span class='ocrx_word' id='word_1_63' title='bbox 4086 1004 4378 1080; x_wconf 89' lang='lat' dir='ltr'><strong>ineunte</strong></span> 
     </span>
     <span class='ocr_line' id='line_1_7' title="bbox 547 1135 4383 1236; baseline 0 -25"><span class='ocrx_word' id='word_1_64' title='bbox 547 1137 935 1212; x_wconf 91' lang='lat' dir='ltr'><strong>undecimo</strong></span> <span class='ocrx_word' id='word_1_65' title='bbox 981 1141 1270 1212; x_wconf 88' lang='lat' dir='ltr'><strong>saeculo</strong></span> <span class='ocrx_word' id='word_1_66' title='bbox 1317 1138 1628 1236; x_wconf 87' lang='lat' dir='ltr'><strong>scriptus</strong></span> <span class='ocrx_word' id='word_1_67' title='bbox 1677 1161 1838 1214; x_wconf 84' lang='lat' dir='ltr'><strong>esse</strong></span> <span class='ocrx_word' id='word_1_68' title='bbox 1888 1137 2064 1210; x_wconf 91' lang='lat' dir='ltr'><strong>mihi</strong></span> <span class='ocrx_word' id='word_1_69' title='bbox 2105 1135 2414 1227; x_wconf 86' lang='lat' dir='ltr'><strong>videtur,</strong></span> <span class='ocrx_word' id='word_1_70' title='bbox 2462 1160 2719 1234; x_wconf 88' lang='lat' dir='ltr'><strong>quam,</strong></span> <span class='ocrx_word' id='word_1_71' title='bbox 2787 1147 2867 1210; x_wconf 88' lang='lat' dir='ltr'><strong>ut</strong></span> <span class='ocrx_word' id='word_1_72' title='bbox 2918 1135 3173 1209; x_wconf 88' lang='lat' dir='ltr'><strong>Marini</strong></span> <span class='ocrx_word' id='word_1_73' title='bbox 3216 1138 3537 1234; x_wconf 86' lang='lat' dir='ltr'><strong>putavit,</strong></span> <span class='ocrx_word' id='word_1_74' title='bbox 3604 1139 3900 1211; x_wconf 90' lang='lat' dir='ltr'><strong>saeculo</strong></span> <span class='ocrx_word' id='word_1_75' title='bbox 3944 1149 4210 1212; x_wconf 85' lang='lat' dir='ltr'><strong>octavo</strong></span> <span class='ocrx_word' id='word_1_76' title='bbox 4262 1139 4383 1212; x_wconf 87' lang='lat' dir='ltr'><strong>vel</strong></span> 
     </span>
     <span class='ocr_line' id='line_1_8' title="bbox 546 1255 4379 1372; baseline 0 -25"><span class='ocrx_word' id='word_1_77' title='bbox 546 1298 766 1347; x_wconf 92' lang='lat' dir='ltr'><strong>nono.</strong></span> <span class='ocrx_word' id='word_1_78' title='bbox 873 1274 1038 1348; x_wconf 91' lang='lat' dir='ltr'><strong>Fuit</strong></span> <span class='ocrx_word' id='word_1_79' title='bbox 1085 1273 1454 1370; x_wconf 88' lang='lat' dir='ltr'><strong>quondam</strong></span> <span class='ocrx_word' id='word_1_80' title='bbox 1503 1271 1784 1358; x_wconf 76' lang='lat' dir='ltr'><strong>Petam&#39;i,</strong></span> <span class='ocrx_word' id='word_1_81' title='bbox 1819 1255 2042 1346; x_wconf 53' lang='lat' dir='ltr'><strong>‘cuius</strong></span> <span class='ocrx_word' id='word_1_82' title='bbox 2089 1295 2355 1346; x_wconf 90' lang='lat' dir='ltr'><strong>nomen</strong></span> <span class='ocrx_word' id='word_1_83' title='bbox 2405 1272 2480 1344; x_wconf 87' lang='lat' dir='ltr'><strong>in</strong></span> <span class='ocrx_word' id='word_1_84' title='bbox 2529 1271 2677 1347; x_wconf 84' lang='lat' dir='ltr'><strong>ima</strong></span> <span class='ocrx_word' id='word_1_85' title='bbox 2721 1271 2989 1372; x_wconf 82' lang='lat' dir='ltr'><strong>pagina</strong></span> <span class='ocrx_word' id='word_1_86' title='bbox 3038 1269 3357 1351; x_wconf 82' lang='lat' dir='ltr'><strong>secunda</strong></span> <span class='ocrx_word' id='word_1_87' title='bbox 3401 1283 3475 1346; x_wconf 88' lang='lat' dir='ltr'><strong>et</strong></span> <span class='ocrx_word' id='word_1_88' title='bbox 3520 1272 3596 1346; x_wconf 89' lang='lat' dir='ltr'><strong>in</strong></span> <span class='ocrx_word' id='word_1_89' title='bbox 3640 1272 3785 1346; x_wconf 90' lang='lat' dir='ltr'><strong>fine</strong></span> <span class='ocrx_word' id='word_1_90' title='bbox 3834 1272 4103 1346; x_wconf 90' lang='lat' dir='ltr'><strong>codicis</strong></span> <span class='ocrx_word' id='word_1_91' title='bbox 4149 1275 4379 1371; x_wconf 85' lang='lat' dir='ltr'><strong>ipsius</strong></span> 
     </span>
     <span class='ocr_line' id='line_1_9' title="bbox 548 1401 4373 1507; baseline -0.001 -25"><span class='ocrx_word' id='word_1_92' title='bbox 548 1435 791 1502; x_wconf 90' lang='lat' dir='ltr'><strong>manu,</strong></span> <span class='ocrx_word' id='word_1_93' title='bbox 842 1421 922 1484; x_wconf 92' lang='lat' dir='ltr'><strong>ut</strong></span> <span class='ocrx_word' id='word_1_94' title='bbox 971 1407 1282 1495; x_wconf 86' lang='lat' dir='ltr'><strong>videtur,</strong></span> <span class='ocrx_word' id='word_1_95' title='bbox 1327 1407 1753 1505; x_wconf 89' lang='lat' dir='ltr'><strong>inscriptum</strong></span> <span class='ocrx_word' id='word_1_96' title='bbox 1799 1421 1931 1481; x_wconf 91' lang='lat' dir='ltr'><strong>est.</strong></span> <span class='ocrx_word' id='word_1_97' title='bbox 2035 1405 2222 1483; x_wconf 89' lang='lat' dir='ltr'><strong>Hinc</strong></span> <span class='ocrx_word' id='word_1_98' title='bbox 2263 1407 2340 1477; x_wconf 90' lang='lat' dir='ltr'><strong>in</strong></span> <span class='ocrx_word' id='word_1_99' title='bbox 2370 1405 2889 1479; x_wconf 77' lang='lat' dir='ltr'><strong>bibliothecam</strong></span> <span class='ocrx_word' id='word_1_100' title='bbox 2928 1401 3302 1479; x_wconf 54' lang='lat' dir='ltr'><strong>Christinae</strong></span> <span class='ocrx_word' id='word_1_101' title='bbox 3331 1407 3623 1506; x_wconf 87' lang='lat' dir='ltr'><strong>reginae</strong></span> <span class='ocrx_word' id='word_1_102' title='bbox 3672 1405 3975 1482; x_wconf 90' lang='lat' dir='ltr'><strong>Sueciae</strong></span> <span class='ocrx_word' id='word_1_103' title='bbox 4002 1409 4373 1507; x_wconf 84' lang='lat' dir='ltr'><strong>pervenit3</strong></span> 
     </span>
     <span class='ocr_line' id='line_1_10' title="bbox 551 1535 4371 1640; baseline -0.002 -19"><span class='ocrx_word' id='word_1_104' title='bbox 551 1543 720 1622; x_wconf 81' lang='lat' dir='ltr'><strong>inde</strong></span> <span class='ocrx_word' id='word_1_105' title='bbox 774 1568 941 1617; x_wconf 91' lang='lat' dir='ltr'><strong>cum</strong></span> <span class='ocrx_word' id='word_1_106' title='bbox 990 1543 1284 1639; x_wconf 90' lang='lat' dir='ltr'><strong>reliquis</strong></span> <span class='ocrx_word' id='word_1_107' title='bbox 1344 1544 1558 1616; x_wconf 90' lang='lat' dir='ltr'><strong>huius</strong></span> <span class='ocrx_word' id='word_1_108' title='bbox 1618 1542 1909 1640; x_wconf 88' lang='lat' dir='ltr'><strong>reginae</strong></span> <span class='ocrx_word' id='word_1_109' title='bbox 1969 1535 2169 1613; x_wconf 80' lang='lat' dir='ltr'><strong>libris</strong></span> <span class='ocrx_word' id='word_1_110' title='bbox 2233 1539 2307 1612; x_wconf 89' lang='lat' dir='ltr'><strong>in</strong></span> <span class='ocrx_word' id='word_1_111' title='bbox 2367 1539 2887 1614; x_wconf 71' lang='lat' dir='ltr'><strong>bibliothecam</strong></span> <span class='ocrx_word' id='word_1_112' title='bbox 2951 1539 3377 1614; x_wconf 76' lang='lat' dir='ltr'><strong>vaticanam</strong></span> <span class='ocrx_word' id='word_1_113' title='bbox 3442 1542 3833 1617; x_wconf 87' lang='lat' dir='ltr'><strong>translatus</strong></span> <span class='ocrx_word' id='word_1_114' title='bbox 3893 1554 4023 1616; x_wconf 90' lang='lat' dir='ltr'><strong>est.</strong></span> <span class='ocrx_word' id='word_1_115' title='bbox 4138 1541 4371 1616; x_wconf 89' lang='lat' dir='ltr'><strong>Huius</strong></span> 
     </span>
     <span class='ocr_line' id='line_1_11' title="bbox 551 1675 4377 1778; baseline 0 -26"><span class='ocrx_word' id='word_1_116' title='bbox 551 1677 824 1752; x_wconf 91' lang='lat' dir='ltr'><strong>codicis</strong></span> <span class='ocrx_word' id='word_1_117' title='bbox 891 1701 1329 1775; x_wconf 86' lang='lat' dir='ltr'><strong>quamquam</strong></span> <span class='ocrx_word' id='word_1_118' title='bbox 1372 1677 1446 1748; x_wconf 91' lang='lat' dir='ltr'><strong>in</strong></span> <span class='ocrx_word' id='word_1_119' title='bbox 1489 1689 1842 1776; x_wconf 86' lang='lat' dir='ltr'><strong>apparatu</strong></span> <span class='ocrx_word' id='word_1_120' title='bbox 1892 1675 2293 1756; x_wconf 77' lang='lat' dir='ltr'><strong>Mariniauo</strong></span> <span class='ocrx_word' id='word_1_121' title='bbox 2339 1676 2633 1775; x_wconf 80' lang='lat' dir='ltr'><strong>egregia</strong></span> <span class='ocrx_word' id='word_1_122' title='bbox 2676 1675 2848 1750; x_wconf 87' lang='lat' dir='ltr'><strong>mihi</strong></span> <span class='ocrx_word' id='word_1_123' title='bbox 2893 1687 3151 1774; x_wconf 87' lang='lat' dir='ltr'><strong>parata</strong></span> <span class='ocrx_word' id='word_1_124' title='bbox 3195 1687 3351 1749; x_wconf 89' lang='lat' dir='ltr'><strong>erat</strong></span> <span class='ocrx_word' id='word_1_125' title='bbox 3396 1675 3793 1751; x_wconf 84' lang='lat' dir='ltr'><strong>lectionum</strong></span> <span class='ocrx_word' id='word_1_126' title='bbox 3842 1682 4074 1778; x_wconf 88' lang='lat' dir='ltr'><strong>copia,</strong></span> <span class='ocrx_word' id='word_1_127' title='bbox 4134 1693 4377 1754; x_wconf 89' lang='lat' dir='ltr'><strong>tamen</strong></span> 
     </span>
     <span class='ocr_line' id='line_1_12' title="bbox 551 1788 4381 1911; baseline 0 -25"><span class='ocrx_word' id='word_1_128' title='bbox 551 1815 708 1910; x_wconf 90' lang='lat' dir='ltr'><strong>ipse</strong></span> <span class='ocrx_word' id='word_1_129' title='bbox 759 1838 927 1887; x_wconf 90' lang='lat' dir='ltr'><strong>eum</strong></span> <span class='ocrx_word' id='word_1_130' title='bbox 977 1836 1144 1886; x_wconf 89' lang='lat' dir='ltr'><strong>cum</strong></span> <span class='ocrx_word' id='word_1_131' title='bbox 1185 1837 1350 1886; x_wconf 90' lang='lat' dir='ltr'><strong>mea</strong></span> <span class='ocrx_word' id='word_1_132' title='bbox 1389 1812 1813 1886; x_wconf 84' lang='lat' dir='ltr'><strong>recensione</strong></span> <span class='ocrx_word' id='word_1_133' title='bbox 1857 1811 2390 1885; x_wconf 82' lang='lat' dir='ltr'><strong>accuratissime</strong></span> <span class='ocrx_word' id='word_1_134' title='bbox 2433 1811 2711 1885; x_wconf 88' lang='lat' dir='ltr'><strong>contuli</strong></span> <span class='ocrx_word' id='word_1_135' title='bbox 2746 1821 2820 1884; x_wconf 90' lang='lat' dir='ltr'><strong>et</strong></span> <span class='ocrx_word' id='word_1_136' title='bbox 2862 1812 2982 1884; x_wconf 87' lang='lat' dir='ltr'><strong>vel</strong></span> <span class='ocrx_word' id='word_1_137' title='bbox 3021 1788 3538 1885; x_wconf 84' lang='lat' dir='ltr'><strong>minutissimas</strong></span> <span class='ocrx_word' id='word_1_138' title='bbox 3582 1811 4101 1911; x_wconf 88' lang='lat' dir='ltr'><strong>discrepantias</strong></span> <span class='ocrx_word' id='word_1_139' title='bbox 4138 1815 4381 1887; x_wconf 89' lang='lat' dir='ltr'><strong>ortho-</strong></span> 
     </span>
     <span class='ocr_line' id='line_1_13' title="bbox 549 1947 3289 2056; baseline -0.001 -35"><span class='ocrx_word' id='word_1_140' title='bbox 549 1948 934 2048; x_wconf 87' lang='lat' dir='ltr'><strong>graphicas</strong></span> <span class='ocrx_word' id='word_1_141' title='bbox 994 1947 1310 2021; x_wconf 87' lang='lat' dir='ltr'><strong>enotavi.</strong></span> <span class='ocrx_word' id='word_1_142' title='bbox 1405 1995 1416 2018; x_wconf 58' lang='lat'><em>2</em></span> <span class='ocrx_word' id='word_1_143' title='bbox 3268 2043 3289 2056; x_wconf 25' lang='grc' dir='ltr'><strong>ν</strong></span> 
     </span>
    </p>

    <p class='ocr_par' dir='ltr' id='par_1_3' title="bbox 554 2076 4385 2314">
     <span class='ocr_line' id='line_1_14' title="bbox 752 2076 4379 2178; baseline -0.001 -23"><span class='ocrx_word' id='word_1_144' title='bbox 752 2080 1094 2156; x_wconf 75' lang='lat' dir='ltr'><strong>Proxime</strong></span> <span class='ocrx_word' id='word_1_145' title='bbox 1143 2082 1238 2155; x_wconf 87' lang='lat' dir='ltr'><strong>ad</strong></span> <span class='ocrx_word' id='word_1_146' title='bbox 1281 2082 1471 2154; x_wconf 91' lang='lat' dir='ltr'><strong>hunc</strong></span> <span class='ocrx_word' id='word_1_147' title='bbox 1513 2077 1797 2153; x_wconf 82' lang='lat' dir='ltr'><strong>accedit</strong></span> <span class='ocrx_word' id='word_1_148' title='bbox 1857 2077 2097 2152; x_wconf 83' lang='lat' dir='ltr'><strong>codex</strong></span> <span class='ocrx_word' id='word_1_149' title='bbox 2151 2076 2763 2177; x_wconf 81' lang='lat' dir='ltr'><strong>Guelferbytanus</strong></span> <span class='ocrx_word' id='word_1_150' title='bbox 2813 2076 3219 2176; x_wconf 80' lang='lat' dir='ltr'><strong>(Gudianus</strong></span> <span class='ocrx_word' id='word_1_151' title='bbox 3244 2077 3407 2178; x_wconf 85' lang='lat'><strong>69),</strong></span> <span class='ocrx_word' id='word_1_152' title='bbox 3474 2077 3564 2152; x_wconf 90' lang='lat' dir='ltr'><strong>de</strong></span> <span class='ocrx_word' id='word_1_153' title='bbox 3614 2105 3761 2178; x_wconf 90' lang='lat' dir='ltr'><strong>quo</strong></span> <span class='ocrx_word' id='word_1_154' title='bbox 3825 2077 4210 2168; x_wconf 65' lang='lat' dir='ltr'><strong>Schneider,</strong></span> <span class='ocrx_word' id='word_1_155' title='bbox 4258 2081 4379 2178; x_wconf 92' lang='lat' dir='ltr'><strong>qui</strong></span> 
     </span>
     <span class='ocr_line' id='line_1_15' title="bbox 554 2213 4385 2314; baseline -0.001 -24"><span class='ocrx_word' id='word_1_156' title='bbox 554 2239 720 2290; x_wconf 88' lang='lat' dir='ltr'><strong>eum</strong></span> <span class='ocrx_word' id='word_1_157' title='bbox 779 2217 1190 2290; x_wconf 85' lang='lat' dir='ltr'><strong>accuratius</strong></span> <span class='ocrx_word' id='word_1_158' title='bbox 1258 2214 1602 2302; x_wconf 76' lang='lat' dir='ltr'><strong>excussit,</strong></span> <span class='ocrx_word' id='word_1_159' title='bbox 1663 2215 1738 2286; x_wconf 90' lang='lat' dir='ltr'><strong>in</strong></span> <span class='ocrx_word' id='word_1_160' title='bbox 1797 2214 2250 2310; x_wconf 80' lang='lat' dir='ltr'><strong>praefatione</strong></span> <span class='ocrx_word' id='word_1_161' title='bbox 2313 2213 2653 2288; x_wconf 88' lang='lat' dir='ltr'><strong>editionis</strong></span> <span class='ocrx_word' id='word_1_162' title='bbox 2730 2237 2907 2287; x_wconf 87' lang='lat' dir='ltr'><strong>suae</strong></span> <span class='ocrx_word' id='word_1_163' title='bbox 2968 2213 3222 2313; x_wconf 58' lang='grc' dir='ltr'><strong>θεῖτ’).</strong></span> <span class='ocrx_word' id='word_1_164' title='bbox 3344 2213 3817 2314; x_wconf 77' lang='lat' dir='ltr'><strong>conscriptus</strong></span> <span class='ocrx_word' id='word_1_165' title='bbox 3894 2216 4023 2290; x_wconf 75' lang='lat' dir='ltr'><strong>est&#39;</strong></span> <span class='ocrx_word' id='word_1_166' title='bbox 4086 2216 4385 2288; x_wconf 86' lang='lat' dir='ltr'><strong>saeculo</strong></span> 
     </span>
    </p>
   </div>
   <div class='ocr_carea' id='block_1_3' title="bbox 421 2349 1014 2425">
    <p class='ocr_par' dir='ltr' id='par_1_4' title="bbox 421 2349 1014 2425">
     <span class='ocr_line' id='line_1_16' title="bbox 421 2349 1014 2425; baseline 0.013 -8"><span class='ocrx_word' id='word_1_167' title='bbox 421 2407 428 2417; x_wconf 85' lang='lat'><strong>.</strong></span> <span class='ocrx_word' id='word_1_168' title='bbox 555 2349 1014 2425; x_wconf 87' lang='lat' dir='ltr'><strong>duodecimo.</strong></span> 
     </span>
    </p>
   </div>
   <div class='ocr_carea' id='block_1_4' title="bbox 556 2480 4393 5013">
    <p class='ocr_par' dir='ltr' id='par_1_5' title="bbox 556 2480 4389 4447">
     <span class='ocr_line' id='line_1_17' title="bbox 615 2480 4383 2582; baseline -0.001 -24"><span class='ocrx_word' id='word_1_169' title='bbox 615 2529 620 2538; x_wconf 89' lang='lat'><strong>·</strong></span> <span class='ocrx_word' id='word_1_170' title='bbox 754 2485 1036 2582; x_wconf 85' lang='lat' dir='ltr'><strong>Reliqui</strong></span> <span class='ocrx_word' id='word_1_171' title='bbox 1097 2507 1388 2571; x_wconf 89' lang='lat' dir='ltr'><strong>omnes,</strong></span> <span class='ocrx_word' id='word_1_172' title='bbox 1451 2505 1636 2580; x_wconf 89' lang='lat' dir='ltr'><strong>quos</strong></span> <span class='ocrx_word' id='word_1_173' title='bbox 1699 2480 2036 2580; x_wconf 85' lang='lat' dir='ltr'><strong>equidem</strong></span> <span class='ocrx_word' id='word_1_174' title='bbox 2099 2481 2314 2569; x_wconf 85' lang='lat' dir='ltr'><strong>novi,</strong></span> <span class='ocrx_word' id='word_1_175' title='bbox 2381 2481 2827 2557; x_wconf 83' lang='lat' dir='ltr'><strong>recentiores</strong></span> <span class='ocrx_word' id='word_1_176' title='bbox 2890 2495 3061 2558; x_wconf 81' lang='lat' dir='ltr'><strong>sunt</strong></span> <span class='ocrx_word' id='word_1_177' title='bbox 3128 2495 3203 2557; x_wconf 87' lang='lat' dir='ltr'><strong>et</strong></span> <span class='ocrx_word' id='word_1_178' title='bbox 3248 2485 3545 2558; x_wconf 89' lang='lat' dir='ltr'><strong>saeculo</strong></span> <span class='ocrx_word' id='word_1_179' title='bbox 3604 2482 3887 2558; x_wconf 87' lang='lat' dir='ltr'><strong>decimo</strong></span> <span class='ocrx_word' id='word_1_180' title='bbox 3946 2493 4207 2581; x_wconf 83' lang='lat' dir='ltr'><strong>quarto</strong></span> <span class='ocrx_word' id='word_1_181' title='bbox 4260 2484 4383 2556; x_wconf 64' lang='lat' dir='ltr'><strong>vel</strong></span> 
     </span>
     <span class='ocr_line' id='line_1_18' title="bbox 557 2607 4379 2718; baseline -0 -25"><span class='ocrx_word' id='word_1_182' title='bbox 557 2618 840 2694; x_wconf 82' lang='lat' dir='ltr'><strong>decimo</strong></span> <span class='ocrx_word' id='word_1_183' title='bbox 894 2621 1148 2716; x_wconf 85' lang='lat' dir='ltr'><strong>quinto</strong></span> <span class='ocrx_word' id='word_1_184' title='bbox 1193 2619 1393 2693; x_wconf 86' lang='lat' dir='ltr'><strong>haud</strong></span> <span class='ocrx_word' id='word_1_185' title='bbox 1441 2617 1660 2692; x_wconf 89' lang='lat' dir='ltr'><strong>dubie</strong></span> <span class='ocrx_word' id='word_1_186' title='bbox 1701 2615 2092 2692; x_wconf 87' lang='lat' dir='ltr'><strong>tribuendi.</strong></span> <span class='ocrx_word' id='word_1_187' title='bbox 2195 2615 2514 2692; x_wconf 88' lang='lat' dir='ltr'><strong>Melioris</strong></span> <span class='ocrx_word' id='word_1_188' title='bbox 2560 2629 2779 2692; x_wconf 81' lang='lat' dir='ltr'><strong>not-ae</strong></span> <span class='ocrx_word' id='word_1_189' title='bbox 2823 2619 3011 2692; x_wconf 87' lang='lat' dir='ltr'><strong>inter</strong></span> <span class='ocrx_word' id='word_1_190' title='bbox 3054 2607 3451 2696; x_wconf 75' lang='lat' dir='ltr'><strong>Vaticanus</strong></span> <span class='ocrx_word' id='word_1_191' title='bbox 3496 2630 3609 2692; x_wconf 90' lang='lat' dir='ltr'><strong>est</strong></span> <span class='ocrx_word' id='word_1_192' title='bbox 3654 2617 3837 2693; x_wconf 87' lang='lat' dir='ltr'><strong>Cod.</strong></span> <span class='ocrx_word' id='word_1_193' title='bbox 3870 2618 4124 2718; x_wconf 82' lang='lat' dir='ltr'><strong>Regin.</strong></span> <span class='ocrx_word' id='word_1_194' title='bbox 4161 2619 4379 2709; x_wconf 79' lang='lat'><strong>1328,</strong></span> 
     </span>
     <span class='ocr_line' id='line_1_19' title="bbox 556 2750 4379 2852; baseline -0.001 -22"><span class='ocrx_word' id='word_1_195' title='bbox 556 2779 724 2830; x_wconf 83' lang='lat' dir='ltr'><strong>cum</strong></span> <span class='ocrx_word' id='word_1_196' title='bbox 785 2779 930 2852; x_wconf 90' lang='lat' dir='ltr'><strong>quo</strong></span> <span class='ocrx_word' id='word_1_197' title='bbox 985 2753 1167 2828; x_wconf 87' lang='lat' dir='ltr'><strong>Cod.</strong></span> <span class='ocrx_word' id='word_1_198' title='bbox 1214 2753 1446 2828; x_wconf 85' lang='lat' dir='ltr'><strong>Vatic.</strong></span> <span class='ocrx_word' id='word_1_199' title='bbox 1500 2753 1696 2826; x_wconf 85' lang='grc'><strong>2230</strong></span> <span class='ocrx_word' id='word_1_200' title='bbox 1730 2764 1804 2826; x_wconf 90' lang='lat' dir='ltr'><strong>et</strong></span> <span class='ocrx_word' id='word_1_201' title='bbox 1852 2750 2034 2826; x_wconf 86' lang='lat' dir='ltr'><strong>Cod.</strong></span> <span class='ocrx_word' id='word_1_202' title='bbox 2081 2751 2422 2826; x_wconf 89' lang='lat' dir='ltr'><strong>Laurent.</strong></span> <span class='ocrx_word' id='word_1_203' title='bbox 2469 2753 2649 2849; x_wconf 92' lang='lat' dir='ltr'><strong>plut.</strong></span> <span class='ocrx_word' id='word_1_204' title='bbox 2701 2751 2939 2842; x_wconf 88' lang='lat' dir='ltr'><strong>XXX,</strong></span> <span class='ocrx_word' id='word_1_205' title='bbox 3013 2777 3208 2826; x_wconf 89' lang='lat' dir='ltr'><strong>num.</strong></span> <span class='ocrx_word' id='word_1_206' title='bbox 3266 2755 3359 2826; x_wconf 90' lang='lat'><strong>10</strong></span> <span class='ocrx_word' id='word_1_207' title='bbox 3420 2755 3850 2851; x_wconf 88' lang='lat' dir='ltr'><strong>plerumque</strong></span> <span class='ocrx_word' id='word_1_208' title='bbox 3906 2753 4379 2828; x_wconf 82' lang='lat' dir='ltr'><strong>concordant.</strong></span> 
     </span>
     <span class='ocr_line' id='line_1_20' title="bbox 559 2887 4383 2988; baseline -0.001 -24"><span class='ocrx_word' id='word_1_209' title='bbox 559 2887 834 2965; x_wconf 91' lang='lat' dir='ltr'><strong>Omnes</strong></span> <span class='ocrx_word' id='word_1_210' title='bbox 883 2889 957 2963; x_wconf 93' lang='lat' dir='ltr'><strong>hi</strong></span> <span class='ocrx_word' id='word_1_211' title='bbox 1008 2887 1298 2964; x_wconf 88' lang='lat' dir='ltr'><strong>codices</strong></span> <span class='ocrx_word' id='word_1_212' title='bbox 1342 2887 1782 2963; x_wconf 88' lang='lat' dir='ltr'><strong>recentiores</strong></span> <span class='ocrx_word' id='word_1_213' title='bbox 1811 2887 1887 2959; x_wconf 89' lang='lat' dir='ltr'><strong>in</strong></span> <span class='ocrx_word' id='word_1_214' title='bbox 1929 2887 2388 2988; x_wconf 83' lang='lat' dir='ltr'><strong>gravioribus</strong></span> <span class='ocrx_word' id='word_1_215' title='bbox 2426 2887 2721 2984; x_wconf 87' lang='lat' dir='ltr'><strong>quidem</strong></span> <span class='ocrx_word' id='word_1_216' title='bbox 2766 2889 3196 2986; x_wconf 89' lang='lat' dir='ltr'><strong>corruptelis</strong></span> <span class='ocrx_word' id='word_1_217' title='bbox 3236 2887 3415 2962; x_wconf 88' lang='lat' dir='ltr'><strong>nihil</strong></span> <span class='ocrx_word' id='word_1_218' title='bbox 3459 2888 3801 2965; x_wconf 88' lang='lat' dir='ltr'><strong>differunt</strong></span> <span class='ocrx_word' id='word_1_219' title='bbox 3844 2889 3936 2963; x_wconf 85' lang='lat' dir='ltr'><strong>ab</strong></span> <span class='ocrx_word' id='word_1_220' title='bbox 3967 2889 4383 2987; x_wconf 80' lang='lat' dir='ltr'><strong>antiquiori·</strong></span> 
     </span>
     <span class='ocr_line' id='line_1_21' title="bbox 556 3022 4383 3124; baseline 0 -25"><span class='ocrx_word' id='word_1_221' title='bbox 556 3024 696 3099; x_wconf 88' lang='lat' dir='ltr'><strong>bus</strong></span> <span class='ocrx_word' id='word_1_222' title='bbox 751 3036 824 3099; x_wconf 90' lang='lat' dir='ltr'><strong>et</strong></span> <span class='ocrx_word' id='word_1_223' title='bbox 881 3025 1335 3116; x_wconf 78' lang='lat' dir='ltr'><strong>melioribuS,</strong></span> <span class='ocrx_word' id='word_1_224' title='bbox 1409 3024 1539 3098; x_wconf 90' lang='lat' dir='ltr'><strong>sed</strong></span> <span class='ocrx_word' id='word_1_225' title='bbox 1617 3025 2009 3097; x_wconf 87' lang='lat' dir='ltr'><strong>innumeris</strong></span> <span class='ocrx_word' id='word_1_226' title='bbox 2086 3024 2266 3098; x_wconf 92' lang='lat' dir='ltr'><strong>locis</strong></span> <span class='ocrx_word' id='word_1_227' title='bbox 2329 3023 2679 3097; x_wconf 82' lang='lat' dir='ltr'><strong>exhibent</strong></span> <span class='ocrx_word' id='word_1_228' title='bbox 2732 3022 3081 3098; x_wconf 88' lang='lat' dir='ltr'><strong>lectiones</strong></span> <span class='ocrx_word' id='word_1_229' title='bbox 3142 3024 3507 3098; x_wconf 87' lang='lat' dir='ltr'><strong>faciliores</strong></span> <span class='ocrx_word' id='word_1_230' title='bbox 3566 3025 3686 3098; x_wconf 89' lang='lat' dir='ltr'><strong>vel</strong></span> <span class='ocrx_word' id='word_1_231' title='bbox 3758 3024 4239 3124; x_wconf 84' lang='lat' dir='ltr'><strong>elegantiores</strong></span> <span class='ocrx_word' id='word_1_232' title='bbox 4306 3034 4383 3099; x_wconf 70' lang='lat' dir='ltr'><strong>eo</strong></span> 
     </span>
     <span class='ocr_line' id='line_1_22' title="bbox 557 3156 4385 3259; baseline 0.001 -26"><span class='ocrx_word' id='word_1_233' title='bbox 557 3160 876 3248; x_wconf 84' lang='lat' dir='ltr'><strong>lacunas,</strong></span> <span class='ocrx_word' id='word_1_234' title='bbox 940 3184 1126 3259; x_wconf 89' lang='lat' dir='ltr'><strong>quae</strong></span> <span class='ocrx_word' id='word_1_235' title='bbox 1173 3160 1246 3233; x_wconf 92' lang='lat' dir='ltr'><strong>in</strong></span> <span class='ocrx_word' id='word_1_236' title='bbox 1302 3160 1441 3233; x_wconf 90' lang='lat' dir='ltr'><strong>illis</strong></span> <span class='ocrx_word' id='word_1_237' title='bbox 1487 3158 1604 3233; x_wconf 87' lang='lat' dir='ltr'><strong>vel</strong></span> <span class='ocrx_word' id='word_1_238' title='bbox 1647 3172 1816 3233; x_wconf 88' lang='lat' dir='ltr'><strong>sunt</strong></span> <span class='ocrx_word' id='word_1_239' title='bbox 1860 3159 1980 3233; x_wconf 90' lang='lat' dir='ltr'><strong>vel</strong></span> <span class='ocrx_word' id='word_1_240' title='bbox 2035 3182 2194 3233; x_wconf 87' lang='lat' dir='ltr'><strong>esse</strong></span> <span class='ocrx_word' id='word_1_241' title='bbox 2242 3158 2537 3233; x_wconf 87' lang='lat' dir='ltr'><strong>librario</strong></span> <span class='ocrx_word' id='word_1_242' title='bbox 2584 3156 3039 3250; x_wconf 85' lang='lat' dir='ltr'><strong>videbantur,</strong></span> <span class='ocrx_word' id='word_1_243' title='bbox 3086 3160 3604 3258; x_wconf 88' lang='lat' dir='ltr'><strong>supplementis</strong></span> <span class='ocrx_word' id='word_1_244' title='bbox 3660 3184 4183 3258; x_wconf 88' lang='lat' dir='ltr'><strong>nonnunquam</strong></span> <span class='ocrx_word' id='word_1_245' title='bbox 4228 3184 4385 3257; x_wconf 83' lang='lat' dir='ltr'><strong>spe-</strong></span> 
     </span>
     <span class='ocr_line' id='line_1_23' title="bbox 560 3274 4383 3394; baseline -0 -27"><span class='ocrx_word' id='word_1_246' title='bbox 560 3293 794 3386; x_wconf 88' lang='lat' dir='ltr'><strong>ciosis,</strong></span> <span class='ocrx_word' id='word_1_247' title='bbox 839 3296 1128 3394; x_wconf 88' lang='lat' dir='ltr'><strong>saepius</strong></span> <span class='ocrx_word' id='word_1_248' title='bbox 1174 3295 1424 3369; x_wconf 86' lang='lat' dir='ltr'><strong>alienis</strong></span> <span class='ocrx_word' id='word_1_249' title='bbox 1467 3306 1540 3367; x_wconf 83' lang='lat' dir='ltr'><strong>et</strong></span> <span class='ocrx_word' id='word_1_250' title='bbox 1583 3292 1920 3367; x_wconf 87' lang='lat' dir='ltr'><strong>absurdis</strong></span> <span class='ocrx_word' id='word_1_251' title='bbox 1967 3294 2285 3391; x_wconf 87' lang='lat' dir='ltr'><strong>explent.</strong></span> <span class='ocrx_word' id='word_1_252' title='bbox 2371 3292 2535 3367; x_wconf 90' lang='lat' dir='ltr'><strong>Non</strong></span> <span class='ocrx_word' id='word_1_253' title='bbox 2579 3291 2855 3385; x_wconf 89' lang='lat' dir='ltr'><strong>dubito,</strong></span> <span class='ocrx_word' id='word_1_254' title='bbox 2904 3290 3079 3391; x_wconf 84' lang='lat' dir='ltr'><strong>quin</strong></span> <span class='ocrx_word' id='word_1_255' title='bbox 3110 3274 3439 3393; x_wconf 86' lang='lat' dir='ltr'><strong>plurima,</strong></span> <span class='ocrx_word' id='word_1_256' title='bbox 3488 3319 3673 3393; x_wconf 85' lang='lat' dir='ltr'><strong>quae</strong></span> <span class='ocrx_word' id='word_1_257' title='bbox 3708 3295 3784 3368; x_wconf 92' lang='lat' dir='ltr'><strong>in</strong></span> <span class='ocrx_word' id='word_1_258' title='bbox 3812 3295 4081 3369; x_wconf 87' lang='lat' dir='ltr'><strong>saeculi</strong></span> <span class='ocrx_word' id='word_1_259' title='bbox 4118 3294 4383 3369; x_wconf 84' lang='lat' dir='ltr'><strong>decimi</strong></span> 
     </span>
     <span class='ocr_line' id='line_1_24' title="bbox 563 3428 4383 3527; baseline -0 -24"><span class='ocrx_word' id='word_1_260' title='bbox 563 3429 794 3526; x_wconf 86' lang='lat' dir='ltr'><strong>quinti</strong></span> <span class='ocrx_word' id='word_1_261' title='bbox 833 3428 1208 3504; x_wconf 86' lang='lat' dir='ltr'><strong>codicibus</strong></span> <span class='ocrx_word' id='word_1_262' title='bbox 1252 3441 1526 3505; x_wconf 87' lang='lat' dir='ltr'><strong>novata</strong></span> <span class='ocrx_word' id='word_1_263' title='bbox 1571 3439 1758 3519; x_wconf 81' lang='lat' dir='ltr'><strong>sunt,</strong></span> <span class='ocrx_word' id='word_1_264' title='bbox 1819 3428 2169 3504; x_wconf 87' lang='lat' dir='ltr'><strong>Italorum</strong></span> <span class='ocrx_word' id='word_1_265' title='bbox 2217 3428 2650 3512; x_wconf 86' lang='lat' dir='ltr'><strong>coniecturis</strong></span> <span class='ocrx_word' id='word_1_266' title='bbox 2692 3429 2835 3502; x_wconf 88' lang='lat' dir='ltr'><strong>sint</strong></span> <span class='ocrx_word' id='word_1_267' title='bbox 2880 3428 3382 3504; x_wconf 85' lang='lat' dir='ltr'><strong>adscribenda.</strong></span> <span class='ocrx_word' id='word_1_268' title='bbox 3488 3430 3807 3504; x_wconf 84' lang='lat' dir='ltr'><strong>Possunt</strong></span> <span class='ocrx_word' id='word_1_269' title='bbox 3848 3429 4145 3527; x_wconf 88' lang='lat' dir='ltr'><strong>quidem</strong></span> <span class='ocrx_word' id='word_1_270' title='bbox 4192 3428 4383 3507; x_wconf 87' lang='lat' dir='ltr'><strong>inter</strong></span> 
     </span>
     <span class='ocr_line' id='line_1_25' title="bbox 559 3562 4381 3663; baseline -0.001 -26"><span class='ocrx_word' id='word_1_271' title='bbox 559 3565 696 3638; x_wconf 91' lang='lat' dir='ltr'><strong>hos</strong></span> <span class='ocrx_word' id='word_1_272' title='bbox 759 3565 1048 3638; x_wconf 88' lang='lat' dir='ltr'><strong>codices</strong></span> <span class='ocrx_word' id='word_1_273' title='bbox 1107 3564 1435 3640; x_wconf 85' lang='lat' dir='ltr'><strong>diversae</strong></span> <span class='ocrx_word' id='word_1_274' title='bbox 1501 3564 1812 3637; x_wconf 88' lang='lat' dir='ltr'><strong>familiae</strong></span> <span class='ocrx_word' id='word_1_275' title='bbox 1879 3564 2214 3639; x_wconf 88' lang='lat' dir='ltr'><strong>discerni.</strong></span> <span class='ocrx_word' id='word_1_276' title='bbox 2329 3562 2441 3637; x_wconf 90' lang='lat' dir='ltr'><strong>Ita</strong></span> <span class='ocrx_word' id='word_1_277' title='bbox 2512 3562 2965 3637; x_wconf 84' lang='lat' dir='ltr'><strong>concordant</strong></span> <span class='ocrx_word' id='word_1_278' title='bbox 3028 3564 3457 3661; x_wconf 88' lang='lat' dir='ltr'><strong>plerumque</strong></span> <span class='ocrx_word' id='word_1_279' title='bbox 3502 3567 3693 3639; x_wconf 90' lang='lat' dir='ltr'><strong>inter</strong></span> <span class='ocrx_word' id='word_1_280' title='bbox 3752 3588 3832 3637; x_wconf 88' lang='lat' dir='ltr'><strong>se</strong></span> <span class='ocrx_word' id='word_1_281' title='bbox 3894 3564 4077 3638; x_wconf 89' lang='lat' dir='ltr'><strong>Cod.</strong></span> <span class='ocrx_word' id='word_1_282' title='bbox 4127 3564 4381 3663; x_wconf 86' lang='lat' dir='ltr'><strong>Regin.</strong></span> 
     </span>
     <span class='ocr_line' id='line_1_26' title="bbox 567 3697 4385 3797; baseline -0.001 -26"><span class='ocrx_word' id='word_1_283' title='bbox 567 3700 786 3787; x_wconf 83' lang='grc'><strong>1965,</strong></span> <span class='ocrx_word' id='word_1_284' title='bbox 849 3700 1151 3773; x_wconf 84' lang='lat' dir='ltr'><strong>Palatin.</strong></span> <span class='ocrx_word' id='word_1_285' title='bbox 1209 3701 1422 3790; x_wconf 87' lang='grc'><strong>1562,</strong></span> <span class='ocrx_word' id='word_1_286' title='bbox 1497 3698 1848 3773; x_wconf 88' lang='lat' dir='ltr'><strong>Ottobon.</strong></span> <span class='ocrx_word' id='word_1_287' title='bbox 1922 3700 2116 3773; x_wconf 85' lang='lat'>1930</span> <span class='ocrx_word' id='word_1_288' title='bbox 2167 3711 2241 3773; x_wconf 93' lang='lat' dir='ltr'><strong>et</strong></span> <span class='ocrx_word' id='word_1_289' title='bbox 2281 3697 2531 3771; x_wconf 89' lang='lat' dir='ltr'><strong>Urbin.</strong></span> <span class='ocrx_word' id='word_1_290' title='bbox 2590 3700 2775 3789; x_wconf 77' lang='grc'><strong>293,</strong></span> <span class='ocrx_word' id='word_1_291' title='bbox 2840 3710 2915 3772; x_wconf 91' lang='lat' dir='ltr'><strong>et</strong></span> <span class='ocrx_word' id='word_1_292' title='bbox 2979 3698 3053 3771; x_wconf 88' lang='lat' dir='ltr'><strong>hi</strong></span> <span class='ocrx_word' id='word_1_293' title='bbox 3118 3712 3432 3797; x_wconf 85' lang='lat' dir='ltr'><strong>quatuor</strong></span> <span class='ocrx_word' id='word_1_294' title='bbox 3477 3700 3639 3774; x_wconf 88' lang='lat' dir='ltr'><strong>libri</strong></span> <span class='ocrx_word' id='word_1_295' title='bbox 3700 3699 3890 3773; x_wconf 87' lang='lat' dir='ltr'><strong>inter</strong></span> <span class='ocrx_word' id='word_1_296' title='bbox 3941 3698 4385 3772; x_wconf 87' lang='lat' dir='ltr'><strong>recentiores</strong></span> 
     </span>
     <span class='ocr_line' id='line_1_27' title="bbox 563 3833 4383 3935; baseline -0 -28"><span class='ocrx_word' id='word_1_297' title='bbox 563 3833 954 3907; x_wconf 78' lang='lat' dir='ltr'><strong>maximam</strong></span> <span class='ocrx_word' id='word_1_298' title='bbox 997 3834 1216 3908; x_wconf 88' lang='lat' dir='ltr'><strong>fidem</strong></span> <span class='ocrx_word' id='word_1_299' title='bbox 1264 3857 1542 3908; x_wconf 87' lang='lat' dir='ltr'><strong>merere</strong></span> <span class='ocrx_word' id='word_1_300' title='bbox 1585 3834 1944 3909; x_wconf 88' lang='lat' dir='ltr'><strong>videntur.</strong></span> <span class='ocrx_word' id='word_1_301' title='bbox 2049 3834 2170 3909; x_wconf 89' lang='lat' dir='ltr'><strong>Ad</strong></span> <span class='ocrx_word' id='word_1_302' title='bbox 2209 3835 2511 3908; x_wconf 83' lang='lat' dir='ltr'><strong>alteram</strong></span> <span class='ocrx_word' id='word_1_303' title='bbox 2560 3834 2907 3907; x_wconf 85' lang='lat' dir='ltr'><strong>familiam</strong></span> <span class='ocrx_word' id='word_1_304' title='bbox 2944 3834 3185 3907; x_wconf 90' lang='lat' dir='ltr'><strong>minus</strong></span> <span class='ocrx_word' id='word_1_305' title='bbox 3224 3834 3496 3908; x_wconf 88' lang='lat' dir='ltr'><strong>bonam</strong></span> <span class='ocrx_word' id='word_1_306' title='bbox 3532 3836 3894 3935; x_wconf 89' lang='lat' dir='ltr'><strong>pertinent</strong></span> <span class='ocrx_word' id='word_1_307' title='bbox 3930 3834 4110 3908; x_wconf 81' lang='lat' dir='ltr'><strong>cod.</strong></span> <span class='ocrx_word' id='word_1_308' title='bbox 4145 3833 4383 3907; x_wconf 71' lang='lat' dir='ltr'><strong>Vatic.</strong></span> 
     </span>
     <span class='ocr_line' id='line_1_28' title="bbox 565 3968 4388 4075; baseline -0 -33"><span class='ocrx_word' id='word_1_309' title='bbox 565 3970 759 4042; x_wconf 86' lang='grc'><strong>2229</strong></span> <span class='ocrx_word' id='word_1_310' title='bbox 811 3982 884 4043; x_wconf 88' lang='lat' dir='ltr'><strong>et</strong></span> <span class='ocrx_word' id='word_1_311' title='bbox 927 3972 1150 4043; x_wconf 81' lang='lat'><strong>6020.</strong></span> <span class='ocrx_word' id='word_1_312' title='bbox 1251 3970 1636 4042; x_wconf 88' lang='lat' dir='ltr'><strong>Praeterea</strong></span> <span class='ocrx_word' id='word_1_313' title='bbox 1685 3968 1866 4044; x_wconf 84' lang='lat' dir='ltr'><strong>Cod.</strong></span> <span class='ocrx_word' id='word_1_314' title='bbox 1931 3970 2161 4045; x_wconf 86' lang='lat' dir='ltr'><strong>Palat.</strong></span> <span class='ocrx_word' id='word_1_315' title='bbox 2220 3970 2751 4075; x_wconf 56' lang='lat' dir='ltr'><strong>l563,semper</strong></span> <span class='ocrx_word' id='word_1_316' title='bbox 2804 3971 2956 4043; x_wconf 87' lang='lat' dir='ltr'><strong>fere</strong></span> <span class='ocrx_word' id='word_1_317' title='bbox 3010 3970 3347 4068; x_wconf 87' lang='lat' dir='ltr'><strong>congruit</strong></span> <span class='ocrx_word' id='word_1_318' title='bbox 3390 3993 3555 4043; x_wconf 90' lang='lat' dir='ltr'><strong>cum</strong></span> <span class='ocrx_word' id='word_1_319' title='bbox 3620 3968 4047 4044; x_wconf 83' lang='lat' dir='ltr'><strong>Corsiniano</strong></span> <span class='ocrx_word' id='word_1_320' title='bbox 4096 3980 4169 4043; x_wconf 90' lang='lat' dir='ltr'><strong>et</strong></span> <span class='ocrx_word' id='word_1_321' title='bbox 4217 3992 4388 4042; x_wconf 91' lang='lat' dir='ltr'><strong>cum</strong></span> 
     </span>
     <span class='ocr_line' id='line_1_29' title="bbox 559 4102 4389 4202; baseline 0 -24"><span class='ocrx_word' id='word_1_322' title='bbox 559 4102 1078 4181; x_wconf 85' lang='lat' dir='ltr'><strong>Mediolanensi</strong></span> <span class='ocrx_word' id='word_1_323' title='bbox 1148 4104 1630 4178; x_wconf 87' lang='lat' dir='ltr'><strong>bibliothecae</strong></span> <span class='ocrx_word' id='word_1_324' title='bbox 1697 4103 2224 4178; x_wconf 87' lang='lat' dir='ltr'><strong>Ambrosianae</strong></span> <span class='ocrx_word' id='word_1_325' title='bbox 2288 4104 2443 4202; x_wconf 91' lang='lat' dir='ltr'><strong>(qui</strong></span> <span class='ocrx_word' id='word_1_326' title='bbox 2500 4129 2691 4177; x_wconf 89' lang='lat' dir='ltr'><strong>anno</strong></span> <span class='ocrx_word' id='word_1_327' title='bbox 2750 4106 2945 4176; x_wconf 84' lang='lat'>1474</span> <span class='ocrx_word' id='word_1_328' title='bbox 2990 4117 3333 4179; x_wconf 82' lang='lat' dir='ltr'><strong>exaratus</strong></span> <span class='ocrx_word' id='word_1_329' title='bbox 3380 4107 3545 4198; x_wconf 90' lang='lat' dir='ltr'><strong>est).</strong></span> <span class='ocrx_word' id='word_1_330' title='bbox 3649 4105 3946 4180; x_wconf 79' lang='lat' dir='ltr'><strong>Peioris</strong></span> <span class='ocrx_word' id='word_1_331' title='bbox 3986 4116 4209 4178; x_wconf 87' lang='lat' dir='ltr'><strong>notae</strong></span> <span class='ocrx_word' id='word_1_332' title='bbox 4274 4114 4389 4180; x_wconf 78' lang='lat' dir='ltr'><strong>est</strong></span> 
     </span>
     <span class='ocr_line' id='line_1_30' title="bbox 566 4236 4387 4338; baseline -0.001 -25"><span class='ocrx_word' id='word_1_333' title='bbox 566 4237 750 4313; x_wconf 88' lang='lat' dir='ltr'><strong>Cod.</strong></span> <span class='ocrx_word' id='word_1_334' title='bbox 822 4236 1174 4314; x_wconf 88' lang='lat' dir='ltr'><strong>Ottobon.</strong></span> <span class='ocrx_word' id='word_1_335' title='bbox 1233 4242 1424 4313; x_wconf 81' lang='lat'><strong>1233</strong></span> <span class='ocrx_word' id='word_1_336' title='bbox 1511 4240 1852 4338; x_wconf 89' lang='lat' dir='ltr'><strong>(scriptus</strong></span> <span class='ocrx_word' id='word_1_337' title='bbox 1916 4262 2109 4313; x_wconf 89' lang='lat' dir='ltr'><strong>anno</strong></span> <span class='ocrx_word' id='word_1_338' title='bbox 2168 4242 2447 4333; x_wconf 84' lang='lat'><strong>1466),·</strong></span> <span class='ocrx_word' id='word_1_339' title='bbox 2490 4264 2657 4312; x_wconf 91' lang='lat' dir='ltr'><strong>cum</strong></span> <span class='ocrx_word' id='word_1_340' title='bbox 2736 4262 2881 4337; x_wconf 91' lang='lat' dir='ltr'><strong>quo</strong></span> <span class='ocrx_word' id='word_1_341' title='bbox 2954 4241 3029 4313; x_wconf 92' lang='lat' dir='ltr'><strong>in</strong></span> <span class='ocrx_word' id='word_1_342' title='bbox 3088 4238 3419 4338; x_wconf 87' lang='lat' dir='ltr'><strong>plurimis</strong></span> <span class='ocrx_word' id='word_1_343' title='bbox 3478 4240 3841 4315; x_wconf 86' lang='lat' dir='ltr'><strong>consentit</strong></span> <span class='ocrx_word' id='word_1_344' title='bbox 3884 4238 4069 4313; x_wconf 85' lang='lat' dir='ltr'><strong>Ood.</strong></span> <span class='ocrx_word' id='word_1_345' title='bbox 4128 4237 4387 4314; x_wconf 88' lang='lat' dir='ltr'><strong>Ottob.</strong></span> 
     </span>
     <span class='ocr_line' id='line_1_31' title="bbox 567 4376 783 4447; baseline 0.005 -1"><span class='ocrx_word' id='word_1_346' title='bbox 567 4376 783 4447; x_wconf 85' lang='lat'><strong>1561.</strong></span> 
     </span>
    </p>

    <p class='ocr_par' dir='ltr' id='par_1_6' title="bbox 569 4502 4393 5013">
     <span class='ocr_line' id='line_1_32' title="bbox 763 4502 4391 4608; baseline -0.001 -27"><span class='ocrx_word' id='word_1_347' title='bbox 763 4506 962 4583; x_wconf 90' lang='lat' dir='ltr'><strong>Inter</strong></span> <span class='ocrx_word' id='word_1_348' title='bbox 1009 4508 1362 4584; x_wconf 87' lang='lat' dir='ltr'><strong>editiones</strong></span> <span class='ocrx_word' id='word_1_349' title='bbox 1407 4509 1744 4608; x_wconf 88' lang='lat' dir='ltr'><strong>princeps</strong></span> <span class='ocrx_word' id='word_1_350' title='bbox 1788 4518 1900 4581; x_wconf 88' lang='lat' dir='ltr'><strong>est</strong></span> <span class='ocrx_word' id='word_1_351' title='bbox 1945 4532 2052 4597; x_wconf 88' lang='lat' dir='ltr'><strong>ea,</strong></span> <span class='ocrx_word' id='word_1_352' title='bbox 2105 4533 2292 4606; x_wconf 86' lang='lat' dir='ltr'><strong>quae</strong></span> <span class='ocrx_word' id='word_1_353' title='bbox 2337 4502 2593 4581; x_wconf 80' lang='lat' dir='ltr'><strong>Ioanne</strong></span> <span class='ocrx_word' id='word_1_354' title='bbox 2626 4504 2927 4605; x_wconf 72' lang='lat' dir='ltr'><strong>Sulpicio</strong></span> <span class='ocrx_word' id='word_1_355' title='bbox 2994 4506 3330 4583; x_wconf 72' lang='lat' dir='ltr'><strong>Ver-ulam</strong></span> <span class='ocrx_word' id='word_1_356' title='bbox 3382 4514 3681 4583; x_wconf 85' lang='lat' dir='ltr'><strong>auctore</strong></span> <span class='ocrx_word' id='word_1_357' title='bbox 3736 4507 4011 4606; x_wconf 88' lang='lat' dir='ltr'><strong>prodiit</strong></span> <span class='ocrx_word' id='word_1_358' title='bbox 4054 4508 4207 4581; x_wconf 89' lang='lat' dir='ltr'><strong>sine</strong></span> <span class='ocrx_word' id='word_1_359' title='bbox 4248 4505 4391 4579; x_wconf 86' lang='lat' dir='ltr'><strong>loci</strong></span> 
     </span>
     <span class='ocr_line' id='line_1_33' title="bbox 571 4638 4393 4743; baseline -0.002 -27"><span class='ocrx_word' id='word_1_360' title='bbox 571 4654 646 4716; x_wconf 85' lang='lat' dir='ltr'><strong>et</strong></span> <span class='ocrx_word' id='word_1_361' title='bbox 691 4644 860 4717; x_wconf 87' lang='lat' dir='ltr'><strong>anni</strong></span> <span class='ocrx_word' id='word_1_362' title='bbox 911 4643 1390 4736; x_wconf 85' lang='lat' dir='ltr'><strong>indicatione3</strong></span> <span class='ocrx_word' id='word_1_363' title='bbox 1461 4643 1594 4719; x_wconf 87' lang='lat' dir='ltr'><strong>sed</strong></span> <span class='ocrx_word' id='word_1_364' title='bbox 1639 4643 1982 4742; x_wconf 87' lang='lat' dir='ltr'><strong>quoniam</strong></span> <span class='ocrx_word' id='word_1_365' title='bbox 2025 4644 2100 4716; x_wconf 91' lang='lat' dir='ltr'><strong>in</strong></span> <span class='ocrx_word' id='word_1_366' title='bbox 2163 4643 2474 4743; x_wconf 88' lang='lat' dir='ltr'><strong>epistola</strong></span> <span class='ocrx_word' id='word_1_367' title='bbox 2526 4644 3060 4743; x_wconf 88' lang='lat' dir='ltr'><strong>nuncupatoria</strong></span> <span class='ocrx_word' id='word_1_368' title='bbox 3104 4644 3197 4717; x_wconf 88' lang='lat' dir='ltr'><strong>ad</strong></span> <span class='ocrx_word' id='word_1_369' title='bbox 3264 4642 3723 4719; x_wconf 74' lang='lat' dir='ltr'><strong>cardinalem</strong></span> <span class='ocrx_word' id='word_1_370' title='bbox 3786 4642 4107 4717; x_wconf 84' lang='lat' dir='ltr'><strong>Riarium</strong></span> <span class='ocrx_word' id='word_1_371' title='bbox 4160 4638 4393 4737; x_wconf 85' lang='lat' dir='ltr'><strong>Sulpi·-</strong></span> 
     </span>
     <span class='ocr_line' id='line_1_34' title="bbox 569 4774 4391 4879; baseline -0.001 -30"><span class='ocrx_word' id='word_1_372' title='bbox 569 4777 726 4851; x_wconf 89' lang='lat' dir='ltr'><strong>cius</strong></span> <span class='ocrx_word' id='word_1_373' title='bbox 784 4780 1106 4853; x_wconf 85' lang='lat' dir='ltr'><strong>affirmat</strong></span> <span class='ocrx_word' id='word_1_374' title='bbox 1153 4804 1232 4853; x_wconf 88' lang='lat' dir='ltr'><strong>se</strong></span> <span class='ocrx_word' id='word_1_375' title='bbox 1292 4804 1476 4879; x_wconf 90' lang='lat' dir='ltr'><strong>opus</strong></span> <span class='ocrx_word' id='word_1_376' title='bbox 1525 4804 1734 4854; x_wconf 89' lang='lat' dir='ltr'><strong>suum</strong></span> <span class='ocrx_word' id='word_1_377' title='bbox 1779 4779 1995 4853; x_wconf 89' lang='lat' dir='ltr'><strong>edere</strong></span> <span class='ocrx_word' id='word_1_378' title='bbox 2059 4778 2362 4853; x_wconf 89' lang='lat' dir='ltr'><strong>sedente</strong></span> <span class='ocrx_word' id='word_1_379' title='bbox 2420 4778 2851 4853; x_wconf 89' lang='lat' dir='ltr'><strong>Innocentio</strong></span> <span class='ocrx_word' id='word_1_380' title='bbox 2892 4776 3100 4865; x_wconf 90' lang='lat' dir='ltr'>VIII,</span> <span class='ocrx_word' id='word_1_381' title='bbox 3160 4790 3472 4877; x_wconf 82' lang='lat' dir='ltr'><strong>apparet</strong></span> <span class='ocrx_word' id='word_1_382' title='bbox 3506 4779 3771 4853; x_wconf 87' lang='lat' dir='ltr'><strong>librum</strong></span> <span class='ocrx_word' id='word_1_383' title='bbox 3820 4779 4009 4851; x_wconf 88' lang='lat' dir='ltr'><strong>intra</strong></span> <span class='ocrx_word' id='word_1_384' title='bbox 4052 4774 4391 4871; x_wconf 85' lang='lat' dir='ltr'><strong>spatium,</strong></span> 
     </span>
     <span class='ocr_line' id='line_1_35' title="bbox 572 4908 4389 5013; baseline -0.001 -28"><span class='ocrx_word' id='word_1_385' title='bbox 572 4910 771 5009; x_wconf 85' lang='lat' dir='ltr'><strong>quod</strong></span> <span class='ocrx_word' id='word_1_386' title='bbox 819 4926 930 4988; x_wconf 87' lang='lat' dir='ltr'><strong>est</strong></span> <span class='ocrx_word' id='word_1_387' title='bbox 986 4913 1078 4987; x_wconf 87' lang='lat' dir='ltr'><strong>ab</strong></span> <span class='ocrx_word' id='word_1_388' title='bbox 1127 4938 1318 4988; x_wconf 91' lang='lat' dir='ltr'><strong>anno</strong></span> <span class='ocrx_word' id='word_1_389' title='bbox 1379 4917 1568 4988; x_wconf 87' lang='grc'><strong>1484</strong></span> <span class='ocrx_word' id='word_1_390' title='bbox 1627 4940 1858 5013; x_wconf 90' lang='lat' dir='ltr'><strong>usque</strong></span> <span class='ocrx_word' id='word_1_391' title='bbox 1913 4912 2008 4987; x_wconf 85' lang='lat' dir='ltr'><strong>ad</strong></span> <span class='ocrx_word' id='word_1_392' title='bbox 2067 4916 2302 5006; x_wconf 80' lang='lat'><strong>1492,</strong></span> <span class='ocrx_word' id='word_1_393' title='bbox 2357 4915 2432 4991; x_wconf 87' lang='lat' dir='ltr'><strong>in</strong></span> <span class='ocrx_word' id='word_1_394' title='bbox 2494 4913 2732 4988; x_wconf 88' lang='lat' dir='ltr'><strong>lucem</strong></span> <span class='ocrx_word' id='word_1_395' title='bbox 2787 4913 3163 5012; x_wconf 85' lang='lat' dir='ltr'><strong>prodiisse.</strong></span> <span class='ocrx_word' id='word_1_396' title='bbox 3268 4912 3610 5012; x_wconf 89' lang='lat' dir='ltr'><strong>Sequitur</strong></span> <span class='ocrx_word' id='word_1_397' title='bbox 3674 4913 3895 4988; x_wconf 88' lang='lat' dir='ltr'><strong>editio</strong></span> <span class='ocrx_word' id='word_1_398' title='bbox 3951 4908 4389 5003; x_wconf 70' lang='lat' dir='ltr'><strong>Florentino„</strong></span> 
     </span>
    </p>
   </div>
   <div class='ocr_carea' id='block_1_5' title="bbox 693 5206 2328 5276">
    <p class='ocr_par' dir='ltr' id='par_1_7' title="bbox 693 5206 2328 5276">
     <span class='ocr_line' id='line_1_36' title="bbox 693 5206 2328 5276; baseline 0.002 -17"><span class='ocrx_word' id='word_1_399' title='bbox 693 5206 746 5273; x_wconf 76' lang='grc'><strong>·)</strong></span> <span class='ocrx_word' id='word_1_400' title='bbox 781 5208 846 5259; x_wconf 71' lang='lat' dir='ltr'><strong>cf.</strong></span> <span class='ocrx_word' id='word_1_401' title='bbox 881 5210 1042 5259; x_wconf 77' lang='lat' dir='ltr'><strong>etiam</strong></span> <span class='ocrx_word' id='word_1_402' title='bbox 1078 5211 1469 5263; x_wconf 76' lang='lat' dir='ltr'><strong>schoenemann</strong></span> <span class='ocrx_word' id='word_1_403' title='bbox 1505 5207 1820 5275; x_wconf 70' lang='lat' dir='ltr'><strong>Diplomatik</strong></span> <span class='ocrx_word' id='word_1_404' title='bbox 1865 5210 1936 5273; x_wconf 89' lang='lat' dir='ltr'><strong>n,</strong></span> <span class='ocrx_word' id='word_1_405' title='bbox 1970 5224 2020 5276; x_wconf 84' lang='lat' dir='ltr'><strong>p.</strong></span> <span class='ocrx_word' id='word_1_406' title='bbox 2037 5206 2328 5263; x_wconf 79' lang='lat'><strong>114—11‘1.</strong></span> 
     </span>
    </p>
   </div>
  </div>
 </body>
</html>
