4867 5875
2071 291 2686 360 -—9.„--

431 480 996 564 intercolumnio
1031 477 1373 556 mediano
1409 479 1596 554 duos
1629 479 2064 578 triglyphos,
2099 478 2174 550 in
2201 477 2503 576 reliquis
2530 431 2823 554 duobus
2850 479 3427 555 intercolumniis
3446 479 3773 580 singulos
3808 481 3945 580 (ει
3970 507 4301 608 4fflgm3

441 621 632 696 inter
679 616 1092 716 triglyphos
1124 615 1604 714 ‘interpositas
1647 613 2004 690 habemus
2053 625 2348 712 septem
2407 626 2780 714 metopas;
2860 615 3129 712 itaque,
3188 615 3535 712 quoniam
3592 615 3939 717 triglyphi
4024 611 4297 688 habent

443 755 652 829 unius
695 749 997 840 moduli,
1046 761 1387 849 metopae
1440 750 1656 824 unius
1699 747 1980 824 moduli
2018 761 2093 823 et
2147 747 2501 824 dimidiati
2542 747 3020 842 latitudinem,
3076 750 3401 824 calculus
3444 750 3585 824 erit
3626 751 3773 824 hic:
3848 857 3855 864 ·

1155 886 1198 956 8
1251 884 1594 984 triglyphi
1757 937 2778 958 .........
2830 917 2935 944 =
3038 886 3081 958 8
3188 882 3489 976 moduli,

1155 1025 1200 1095 7
1254 1033 1594 1118 metopae
1745 1073 2771 1092 .........
2824 1053 2929 1076 =
2985 1021 3131 1119 103

1151 1159 1194 1230 2
1251 1156 1755 1253 semimetopia
1796 1153 1870 1228 in
1915 1153 2388 1254 angularibus
2421 1155 2777 1230 columnis
2826 1187 2931 1212 -—=
3039 1158 3073 1226 1

2259 1348 2271 1363 .
2992 1293 3139 1390 197}
3190 1290 3491 1380 moduli,

443 1451 668 1528 qnam
720 1421 818 1500 ob
867 1449 1024 1498 rem
1069 1418 1210 1522 pr'o
1251 1421 1493 1498 XVIII
1547 1422 1862 1498 modulis
1909 1421 2330 1522 scripsimus
2379 1419 2655 1496 XVIIII
2686 1421 2755 1498 S.

653 1561 744 1635 In
787 1557 1068 1658 systylo
1107 1557 1498 1658 hexastylo
1551 1557 1844 1632 codices
1891 1557 2112 1656 longe
2167 1553 2457 1656 plurimi
2504 1575 2581 1631 et
2624 1557 2879 1656 optimi
2931 1557 3150 1660 (inter
3214 1583 3401 1658 quos
3444 1557 3695 1655 Regin.
3750 1556 3975 1653 1504)
4022 1553 4297 1630 habent

453 1693 922 1772 modulorum
967 1717 1354 1770 numerum
1395 1691 1758 1784 XXVIIII,
1813 1691 1998 1768 cod.
2041 1691 2302 1791 Regin.
2355 1693 2551 1766 20⁷9
2612 1689 2907 1784 XXIIII,
2960 1693 3197 1769 codd.
3238 1692 3467 1768 Palat.
3521 1695 3743 1784 1563,
3799 1692 3993 1767 Chis.
4038 1697 4129 1782 H,
4168 1689 4293 1796 IV,

463 1833 624 1920 113,
679 1829 988 1921 Corsin„
1051 1827 1367 1902 Florent.
1426 1829 1607 1926 plut.
1657 1827 1884 1918 XXX,
1954 1853 2152 1900 num.
2210 1828 2338 1914 10„
2395 1826 2687 1901 Mediol.
2737 1832 2779 1902 2
2852 1827 3178 1920 XXVIII,
3270 1829 3461 1902 inter
3516 1827 3839 1903 editores
3900 1825 4293 1918 Iocundus‚

449 1963 1125 2064 Machaeropioeus,
1169 1961 1580 2055 Philander,
1629 1961 1918 2054 Laetus,
1975 1961 2182 2036 Rode
2240 1975 2314 2036 et
2355 1963 2749 2061 Bipontina
2788 1963 3067 2038 habent
3110 1961 3409 2051 XXXV,
3467 1961 3813 2038 Galianus
3858 1972 3933 2036 et
3976 1962 4295 2037 Polenus

454 2097 746 2190 XXXII,
803 2098 1189 2189 Barbarae,
1245 2096 1643 2172 Schneider
1691 2111 1768 2172 et
1813 2097 2066 2174 Marini
2112 2094 2460 2172 XXVIIII
2492 2095 2564 2190 S,
2622 2099 2747 2195 qui
2792 2123 3139 2173 numerus
3188 2098 3423 2172 iustus
3466 2109 3583 2172 est
3628 2121 3765 2172 nec
3830 2123 3876 2172 a
3912 2096 4297 2172 codicibus
4454 2086 4473 2118 ²

461 2234 702 2310 differt
743 2234 880 2310 nisi
915 2232 1168 2308 addita
1193 2231 1468 2306 dimidii
1513 2233 1786 2308 notula.
1847 2231 2034 2308 Nam
2071 2233 2148 2306 in
2213 2233 2603 2332 hexastylo
2636 2232 2728 2307 ad
2761 2235 3120 2334 tetrastyli
3150 2257 3563 2308 mensuram
3592 2232 3955 2307 accedunt
3985 2243 4300 2331 quatuor

455 2369 798 2470 triglyphi
851 2382 928 2446 et
981 2381 1300 2466 quatuor
1353 2381 1728 2467 metopae;
1798 2369 1899 2442 ita
1945 2368 2268 2442 calculus
2315 2367 2453 2442 erit
2502 2367 2659 2442 hic:

1051 2519 1054 2524 ’
1167 2508 1258 2578 12
1315 2503 1658 2603 triglyphi
1814 2557 2831 2576 .........
2882 2536 2985 2560 =-—-
3040 2505 3131 2576 12
3238 2499 3535 2592 moduli,

1169 2642 1206 2711 1
1224 2642 1258 2710 1
1315 2650 1653 2737 metopae
1813 2691 2827 2718 .........
2879 2671 2983 2694 =
3038 2639 3187 2735 1623

1080 2747 1090 2757 ’
1221 2777 1264 2848 2
1317 2774 1823 2872 semimetopia
1865 2773 1942 2846 in
1975 2772 2445 2872 angularibus
2478 2773 2833 2846 columnis
2885 2807 2988 2830 =
3092 2775 3130 2844 1
3388 2825 3435 2862 ,,

3051 2909 3199 3007 2Θὲ
3250 2905 3549 2981 moduli.

663 3038 868 3131 Quae
943 3055 1292 3118 secuntur
1370 3042 1600 3118 verba
1665 3068 1811 3116 non
1889 3042 2420 3132 emendatione,
2485 3042 2621 3116 sed
2678 3042 3277 3141 interpretatione
3328 3052 3566 3142 egent.
3670 3040 3755 3116 In
3804 3039 4055 3140 primis
4108 3038 4304 3113 enim

469 3176 878 3273 quaeritur,
947 3176 1124 3273 quid
1187 3178 1598 3277 significent
1659 3178 1997 3278 „singula
2034 3176 2430 3277 epistylia”.
2535 3176 2858 3252 Fuerunt
2919 3178 3041 3274 qui
3104 3177 3438 3277 epistylia
3496 3200 3665 3251 cum
3730 3173 4303 3250 intercolumniis
4466 3198 4487 3223 ·

466 3306 1035 3402 confunderent3
1109 3336 1276 3386 cum
1335 3337 1511 3386 vero
1579 3308 1956 3387 Vitruvius
2035 3310 2152 3385 hic
2217 3323 2468 3411 ageret
2535 3310 2627 3387 de
2692 3312 3037 3411 operibus
3093 3312 3437 3412 „systylis
3498 3325 3573 3387 et
3636 3306 4299 3413 monotriglyphis”‚

469 3468 658 3541 quae
701 3468 926 3545 supra
953 3446 1240 3547 singula
1269 3448 1826 3523 intercolumnia
1857 3446 2184 3547 singulos
2214 3447 2645 3549 triglyphos,
2697 3471 2921 3546 supra
2966 3446 3207 3521 media
3252 3446 3467 3521 binos
3496 3447 3793 3538 habent,
3838 3456 4305 3541 mutaverunt

465 3576 544 3655 id
593 3580 794 3677 quod
841 3582 914 3655 in
969 3582 1346 3658 codicibus
1391 3595 1504 3659 est
1547 3596 1893 3682 „metopa
1943 3596 2014 3657 et
2067 3582 2412 3681 triglyphi
2464 3581 2648 3656 bini’'
2700 3583 2775 3656 in
2815 3594 3205 3681 „metopae
3255 3580 3445 3655 duae
3490 3594 3567 3656 et
3589 3581 3935 3681 triglyphi
3978 3578 4301 3679 singuli”.

467 3712 579 3789 Ita
619 3716 953 3827 fecerunt
1001 3717 1410 3811 Philander,
1465 3720 1852 3810 Barbarus,
1906 3715 1997 3791 de
2049 3716 2254 3805 Laet,
2309 3708 2611 3808 Galiani,
2676 3718 3073 3816 Bipontina
3115 3730 3195 3791 et
3240 3713 3675 3807 Schneider3
3740 3714 3873 3791 sed
3922 3740 4307 3815 perperam

473 3849 574 3923 its.
619 3850 1088 3949 scripserunt.
1190 3852 1374 3928 Nam
1415 3856 1702 3955 singula
1728 3852 2064 3952 epistylia
2095 3864 2268 3925 sunt
2311 3852 2637 3950 singulae
2674 3852 2985 3953 epistylii
3016 3865 3261 3951 partes
3306 3850 3455 3950 (die
3488 3852 3861 3926 einzelnen
3890 3850 4307 3925 Architrav-

475 3986 782 4077 stiicke),
853 4013 1042 4085 quae
1103 4014 1148 4061 a
1206 4003 1462 4064 centro
1525 3988 1740 4063 unius
1807 3988 2186 4063 columnae
2247 3984 2343 4059 ad
2401 3987 2697 4061 alterius
2760 3998 3089 4061 centrum
3150 3987 3539 4086 pertinent.
3654 3986 3985 4085 Apparet
4043 3984 4160 4059 hic
4210 3982 4307 4057 ad

475 4118 744 4192 iustum
797 4123 1330 4223 triglyphorum
1377 4149 1759 4199 numerum
1811 4122 2272 4199 efficiendum
2315 4120 2849 4220 computandos
2897 4146 3057 4197 esse
3102 4124 3323 4197 etiam
3368 4121 3556 4196 duos
3602 4120 4015 4195 dimidiatos
4066 4121 4307 4219 trigly-

475 4247 722 4350 phos,'
767 4257 888 4351 qui
959 4284 1182 4365 supra
1257 4258 1532 4333 medias
1607 4259 1982 4332 columnas
2045 4257 2266 4357 positi
2337 4257 2697 4354 utrimque
2772 4258 3117 4333 extremis
3180 4258 3533 4357 epistyliis
3592 4256 4081 4354 imponuntur.
4198 4253 4311 4329 Ita

473 4412 736 4463 revera
797 4389 1090 4489 singulis
1158 4393 1518 4493 epistyliis
1579 4392 1726 4467 duo
1782 4392 2125 4493 triglyphi
2171 4392 2390 4489 (unus
2448 4390 2733 4491 integer
2792 4404 2866 4466 et
2923 4391 3075 4467 duo
3140 4390 3521 4485 dimidiati)
3585 4402 3659 4467 et
3723 4389 3913 4465 duae
3970 4405 4308 4498 metopae

473 4523 946 4623 superposita
987 4542 1174 4603 sunt.
1281 4528 1551 4627 Scripsi
1598 4529 1814 4625 igitur
1863 4539 1989 4619 „et
2027 4538 2367 4626 metopae
2419 4535 2493 4601 et
2539 4528 2886 4627 triglyphi
2926 4526 3133 4605 bini”.
3238 4524 3563 4601 Eandem
3612 4526 3709 4599 ob
3762 4550 4057 4599 causam
4100 4526 4306 4617 infra,

471 4658 598 4733 ubi
665 4658 985 4757 scriptor
1041 4659 1136 4735 de
1198 4662 1536 4738 mediano
1602 4662 1938 4761 epistylio
2006 4662 2350 4758 loquitur,
2418 4662 2879 4736 retinendum
2936 4676 3047 4737 est
3107 4661 3301 4759 quod
3360 4660 3649 4735 codices
3708 4660 3983 4735 habent
4040 4661 4311 4747 „trium

474 4794 1010 4894 triglyphorum
1057 4806 1134 4869 et
1173 4798 1386 4871 trium
1441 4796 1958 4897 metoparum'’,
2013 4821 2249 4895 neque
2297 4796 2725 4871 mutandum
2776 4798 2847 4870 in
2894 4796 3259 4885 „duorum
3296 4795 3889 4896 triglyphorum”.
3976 4796 4309 4892 Denique

478 4926 554 4999 in
612 4930 1080 5029 angularibus
1157 4932 1503 5031 epistyliis
1541 4930 1850 5025 *accedit
1915 4930 2330 5007 dimidiatus
2391 4932 2799 5032 triglyphus
2865 4944 2941 5007 et
2988 4944 3371 5030 praeterea
3436 4930 4037 5029 semimetopium,
4112 4930 4313 5028 quod

481 5060 708 5137 habet
767 5064 1136 5142 dimidiam
1205 5066 1479 5142 moduli
1541 5070 1696 5143 sive
1760 5066 2110 5166 triglyphi
2171 5065 2645 5141 latitudinem.
2749 5065 3003 5164 Itaque
3074 5068 3459 5165 amplexus
3530 5092 3691 5140 sum
3750 5064 4033 5139 Marinii
4078 5090 4315 5140 emen·

481 5192 882 5291 dationem,
975 5203 1096 5300 qui
1163 5202 1502 5279 codicum
1593 5202 2026 5300 scripturam
2113 5212 2515 5298 „quantum
2578 5199 3032 5277 dimidiatum
3098 5218 3209 5279 est
3278 5204 3589 5301 spatium
3660 5200 3854 5273 hemi
3932 5200 4315 5301 triglyphi”

3872 5327 3914 5391 2
