4867 5875
842 491 1054 582 „Hae
1132 491 1392 590 glebae
1492 513 1659 590 cum
1737 491 2088 566 collectae
2161 503 2332 566 sunt
2421 491 2497 564 in
2576 492 2977 584 officinam,
3072 502 3373 590 propter
3458 493 3785 568 humoris
3872 492 4296 592 plenitatem

719 628 1210 741 ‘coniciuntur
1259 626 1332 698 in
1385 627 1796 716 fornacem,
1852 635 1935 698 ut
1985 625 2541 724 intererescant]
2614 623 2863 724 [fuerit
2916 651 3161 703 ceram
3211 627 3577 726 pumicem
3626 627 3772 726 igni
3824 627 4293 724 liquefactam

662 809 669 818 ·
755 764 974 862 paulo
1026 763 1193 836 oleo
1247 773 1729 859 temperatam
1781 771 1940 833 seta
1990 759 2287 834 inducat
2340 821 2356 837 .
2413 802 2429 832 .-
2489 816 2507 833 .
2564 817 2579 831 .
2602 759 2619 792 '

443 901 606 976 Iam
667 910 1012 974 secuntur
1063 922 1188 985 ea,
1277 921 1463 994 quae
1535 895 1609 968 in
1663 894 2108 969 editionibus
2161 895 2499 994 leguntur
2551 921 2707 996 cap.
2760 895 2883 982 IX,
2934 897 3024 984 33
3099 896 3266 970 inde
3321 895 3412 968 ab
3440 887 3607 968 'hoc
3658 895 3823 968 loco
3878 897 4168 971 codices
4222 910 4296 972 et

451 1035 814 1110 editiones
865 1031 1344 1106 consentiunt.
1452 1026 1851 1126 Quinquies
1901 1030 2122 1130 igitur
2173 1056 2218 1104 a
2267 1029 2593 1107 Iocundo
2645 1026 3135 1132 transpositae
3188 1043 3264 1105 et
3296 1032 3718 1106 immutatae
3770 1043 3942 1106 sunt
3984 1057 4303 1132 magnae,

456 1171 900 1270 singulorum
952 1167 1272 1265 capitum
1323 1177 1605 1263 partes·
1589 1219 1608 1254 ,
1677 1177 2060 1289 praeterea
2094 1178 2355 1267 tutem
2407 1166 2537 1243 8-1)
2551 1191 2645 1252 eo
2692 1167 2871 1262 ficta
2933 1179 3007 1240 et
3056 1167 3496 1264 interpolata
3534 1177 3707 1242 sunt
3757 1167 4033 1257 omnia,
4104 1191 4293 1265 quae

455 1331 609 1404 cap.
665 1302 769 1377 VI
819 1304 1162 1401 leguntur
1209 1299 1379 1374 inde
1433 1325 1476 1372 a
1527 1299 1771 1372 verbis
1822 1324 2057 1396 „quae
2093 1301 2547 1374 marmorarii
2600 1327 2694 1375 ex
2728 1302 3077 1455 operibus
3122 1301 3473 1376 deiciunt”
3528 1325 3759 1398 usque
3792 1301 3885 1375 ad
3936 1303 4295 1394 „Colores

451 1442 570 1516 alii
623 1437 851 1514 sunt”.

657 1571 890 1658 Nemo
941 1572 1271 1671 profecto
1326 1568 1730 1668 intelleget,
1805 1567 2177 1665 quomodo
2243 1569 2398 1642 fleri
2463 1569 2821 1668 potuerit,
2894 1582 2976 1644 ut
3034 1570 3153 1643 vel
3214 1571 3889 1670 neglegentissimus
3956 1571 4293 1647 librarius

453 1719 842 1808 tantopere
895 1703 1222 1783 ordinem
1273 1703 1775 1792 confunderet,
1829 1703 2048 1791 toties
2082 1705 2219 1780 huc
2268 1705 2439 1780 illuc
2474 1704 2865 1785 transiliret
2895 1706 3201 1812 resiliret
3232 1704 3661 1834 solidasque.
3678 1706 4001 1806 capitum
4044 1719 4291 1806 partes

461 1840 844 1918 omitteret.
963 1837 1216 1936 Itaque
1304 1861 1452 1911 non
1519 1835 1980 1928 dubitabam,
2061 1837 2234 1935 quin
2304 1839 2631 1914 faciliore
2698 1853 2773 1913 et
2854 1839 3287 1938 simpliciore
3366 1841 3490 1914 via
3544 1840 4036 1938 perturbatus
4106 1841 4291 1916 ordo

453 1951 944 2054 restituendus
981 1986 1191 2048 esset.
1265 1971 1510 2070 Atque
1541 1999 1714 2046 mox
1746 1973 1990 2047 inveni
2023 1985 2252 2046 totam
2287 1972 2790 2048 difficultatem
2826 1973 2996 2048 inde
3030 1987 3266 2048 ortam
3297 1999 3479 2064 esse,
3534 1974 3785 2072 quod'
3768 2001 3840 2048 111
3869 1987 4305 2066 nostrorum⁸

453 2112 793 2187 codicum
845 2111 1242 2210 archetypo
1297 2109 1484 2182 duae
1539 2110 1755 2182 unius
1801 2108 1955 2184 folii
2007 2109 2316 2206 paginae
2369 2109 2471 2182 ita
2502 2109 2837 2184 inversae
2888 2122 3079 2200 sunt,
3134 2124 3215 2184 ut
3246 2112 3608 2208 posterior
3654 2110 3924 2229 pagina
3974 2112 4292 2210 priorem

459 2245 942 2325 antecederet.
1049 2245 1202 2320 Iam
1279 2267 1538 2342 supra,
1622 2243 1746 2318 ubi
1813 2241 2148 2334 codicum
2201 2242 2533 2320 ordinem
2582 2243 2795 2342 posui
2814 2295 2833 2334 ,
2902 2246 3109 2320 uncis
3158 2245 3555 2323 interiectis
3605 2244 3955 2333 indicavi,
4028 2248 4295 2344 quibus

455 2383 632 2458 locis
683 2381 1016 2454 ordinem
1069 2379 1444 2454 turbatum
1511 2401 1670 2452 esse
1723 2401 2080 2451 censeam.
2191 2376 2396 2452 Ordo
2450 2379 2743 2478 egregie
2794 2381 3170 2454 restitutus
3224 2381 3382 2473 erit,
3452 2381 3515 2454 si
3566 2379 3749 2454 duas
3797 2382 4123 2479 paginas,
4194 2408 4291 2456 ex

339 2517 344 2526 ’
453 2519 717 2617 quibus
782 2528 986 2590 totus
1051 2513 1169 2588 hic
1233 2513 1440 2587 locus
1503 2513 1904 2587 consistere
1973 2513 2143 2586 mihi
2208 2513 2533 2602 videtur,
2605 2514 2676 2586 in
2745 2514 3125 2613 pristinum
3194 2515 3523 2588 ordinem
3604 2517 4288 2614 transposuerimus,

454 2678 642 2755 quae
693 2676 813 2725 res
864 2661 1070 2724 tanto
1104 2649 1452 2744 maiorem
1505 2647 1728 2721 habet
1761 2647 2370 2750 probabilitatem,
2427 2647 2600 2746 quia
2629 2647 2816 2723 duae
2847 2663 3113 2749 partes,
3168 2675 3347 2748 quas
3379 2651 3705 2724 inversas
3735 2674 3896 2724 esse
3926 2649 4286 2742 existimO,

457 2787 776 2866 eundem
823 2786 975 2860 fere
1027 2784 1300 2859 habent
1364 2808 1709 2860 versuum
1772 2808 2175 2859 numerum.
2282 2781 2565 2874 Quibus
2618 2784 2799 2858 locis
2853 2810 3075 2883 supra
3135 2778 3363 2860 uncos
3423 2811 3573 2860 non
3638 2766 3885 2884 posui,
3953 2783 4293 2860 codicum

457 2923 642 2999 ordo
693 2946 1079 3022 perperam
1131 2944 1178 2993 a
1238 2916 1565 2993 Iocundo
1617 2919 1914 2993 relictus
1978 2929 2090 2993 est
2153 2944 2458 3016 eamque
2512 2919 2609 2993 ob
2664 2945 2959 2995 causam
3012 2921 3295 2997 restitui
3344 2919 3587 2996 debet.
3673 2919 3879 3011 Quae
3928 2920 4005 2993 in
4052 2921 4293 3020 capite

457 3068 669 3133 sexto
721 3057 1160 3155 interpolata
1211 3066 1399 3144 sunt,
1457 3052 1784 3127 eicienda
1833 3064 2068 3127 erunt.
2173 3054 2420 3128 Pauca
2468 3055 2699 3129 verba
2748 3081 2839 3129 eo
2881 3057 3047 3129 loco
3102 3055 3459 3129 excidisse
3512 3054 3871 3145 videntur,
3924 3056 4053 3130 ubi
4088 3056 4293 3157 prior

457 3189 760 3295 pagina,
837 3215 1021 3287 quae
1075 3188 1146 3262 in
1200 3190 1682 3291 posteriorem
1738 3190 1978 3263 locum
2031 3188 2272 3263 delata
2322 3201 2455 3279 est,
2503 3188 2774 3289 incipit.
2879 3191 3185 3288 Reliqua
3236 3190 3480 3265 omnia
3530 3192 3715 3265 bene
3769 3190 4167 3265 cohaerent
4216 3203 4293 3267 et

453 3331 612 3408 sine
682 3327 830 3400 ulla
895 3324 1322 3399 difficultate
1394 3325 1750 3423 leguntur.
1894 3322 2046 3398 Iam
2100 3350 2314 3415 vero,
2371 3350 2518 3423 quo
2588 3325 2844 3399 melius
2924 3350 3111 3425 quae
3200 3352 3425 3426 supra
3502 3327 3811 3425 exposui
3896 3324 4269 3401 diiudicari

449 3465 778 3565 possint,
835 3471 1059 3559 caput
1107 3472 1398 3535 sextum
1451 3484 1496 3535 a
1545 3484 1662 3533 me
1714 3459 2128 3536 restitutum
2181 3460 2370 3535 infra.
2416 3482 2721 3558 ponam:
2996 3429 3007 3441 ⁸
3653 3438 3659 3444 ⁶

847 3594 1217 3686 „Marmor
1267 3620 1416 3668 non
1471 3592 1732 3668 eodem
1782 3618 2050 3694 genere
2105 3594 2445 3667 omnibus
2498 3595 2917 3693 regionibus
2968 3607 3418 3693 procreatur,
3472 3593 3603 3687 sed
3639 3594 4074 3691 quibusdam
4108 3595 4290 3671 locis

756 3730 1014 3829 glebae
1088 3741 1172 3804 ut
1238 3728 1408 3804 salis
1472 3731 1693 3803 micas
1758 3729 2172 3829 perlucidas
2241 3729 2595 3803 habentes
2662 3742 3097 3821 nascuntur,
3169 3754 3355 3827 quae
3422 3742 3771 3805 contusae
3851 3741 3925 3803 et
3992 3731 4289 3805 molitae

755 3875 1134 3965 praestant
1184 3864 1526 3965 operibus
1579 3866 1986 3939 utilitatem.
2091 3861 2372 3953 Quibus
2425 3876 2671 3938 autem
2721 3863 2900 3938 locis
2953 3863 3092 3938 hae
3144 3866 3399 3963 copiae
3452 3891 3600 3939 non
3636 3860 3859 3971 sunt,
3914 3878 4294 3941 caementa

753 4024 1200 4089 marmorea,
1268 4000 1424 4073 sive
1491 4000 1775 4075 assulae
1843 3998 2220 4091 dicuntur,
2285 4023 2472 4097 quae
2524 3999 2977 4075 marmorarii
3042 4024 3136 4073 ex
3188 4000 3533 4097 operibus
3584 4000 3923 4092 deiciunt,
3990 4012 4291 4076 contun-

757 4136 1029 4209 duntur
1081 4148 1156 4209 et
1203 4136 1578 4209 moluntur
1643 4132 1750 4232 [et
1817 4159 1908 4207 ea
1971 4134 2307 4225 materia,
2363 4134 2561 4233 cum]
2614 4145 2725 4208 est
2776 4132 3139 4222 subereta,
3194 4136 3267 4207 in
3319 4135 3663 4233 operibus
3714 4144 4036 4207 utuntur.
4106 4135 4290 4209 Aliis

755 4268 935 4343 locis
985 4284 1068 4344 ut
1116 4270 1307 4343 inter
1357 4268 1770 4369 Magnesiae
1825 4280 1899 4341 et
1948 4264 2214 4367 Ephesi
2267 4270 2451 4341 fines
2483 4281 2653 4342 sunt
2685 4268 2887 4359 loca,
2944 4268 3139 4341 unde
3192 4269 3803 4369 foditur=parata,
3886 4294 4101 4367 quam
4154 4295 4288 4345 nec

761 4404 1032 4477 molere
1084 4430 1220 4479 nec
1276 4430 1571 4479 cernere
1628 4429 1811 4505 opus
1865 4415 1997 4499 est,
2053 4400 2181 4476 sed
2237 4404 2340 4476 sic
2395 4415 2509 4477 est
2558 4402 2876 4494 subtilis,
2936 4403 3547 4507 quemadmodum
3600 4406 3658 4479 si
3713 4430 3859 4502 qua
3908 4417 4018 4478 est
4068 4429 4287 4479 manu

761 4552 1070 4617 contusa
1119 4554 1192 4614 et
1241 4506 1644 4617 subereta..
1709 4539 2016 4613 Colores
2067 4563 2244 4611 vero
2299 4540 2418 4611 alii
2472 4552 2663 4627 sunt,
2720 4537 2844 4635 qui
2894 4564 3025 4637 per
3074 4564 3155 4613 se
3208 4540 3423 4615 certis
3456 4540 3637 4614 locis
3689 4552 4165 4639 procreantur
4212 4552 4289 4615 et

745 4673 928 4750 inde
977 4674 1388 4765 fodiuntur3
1459 4674 1786 4747 nonnulli
1839 4698 1934 4747 ex
1987 4673 2144 4747 aliis
2197 4673 2420 4747 rebus
2466 4672 3023 4747 tractationibus
3092 4687 3217 4747 aut
3278 4674 3713 4749 mixtionum
3782 4676 4291 4773 temperaturis

769 4808 1154 4909 compositi
1205 4810 1696 4909 perficiuntur,
1753 4808 1858 4882 uti
1909 4818 2282 4907 praestent
2334 4808 2642 4881 eandem
2694 4810 2765 4880 in
2818 4808 3161 4907 operibus
3212 4806 3657 4884 utilitatem.”
