4867 5875
2163 282 2783 346 *4-

551 470 953 572 gnitionem
1003 467 1400 561 habuisset,
1446 467 1668 542 etiam
1709 468 1786 540 in
1828 475 2042 542 textu
2101 463 2555 540 restituendo
2608 463 2891 540 felicior
2936 465 3229 540 futurus
3280 463 3559 542 fuisset.
3662 463 3811 541 Sed
3868 465 4031 564 ipse
4074 467 4401 565 queritur

519 607 638 682 ‘se
677 628 829 680 non
885 605 1062 680 satis
1103 605 1540 681 instructum
1579 627 1744 678 esse
1797 602 1910 676 rei
1980 599 2585 676 architectonicae
2626 599 2952 674 scientia.
3062 598 3375 674 criticus
3438 615 3687 676 autem
3748 613 4145 700 apparatus
4161 661 4183 692 ,
4252 631 4397 704 quo

555 765 730 814 usus
779 750 910 831 est,
957 737 1354 814 admodum
1397 761 1698 812 mancus
1741 745 1919 810 erat.
2022 733 2207 810 Nam
2251 747 2542 834 praeter
2578 731 2763 808 Cod.
2810 731 3463 833 Guelferbytanum
3504 745 3579 810 et
3649 733 4394 836 wratislaviensem*)

554 871 711 976 (qui
751 863 941 948 inter
993 874 1283 971 peiores
1337 870 1830 946 numerandus
1878 871 2020 967 est)
2069 870 2271 943 nulla
2315 871 2469 944 fere
2516 869 2999 944 instrumenta
3038 867 3291 942 critica
3332 869 3625 960 habuit,
3690 870 3831 944 nisi
3878 896 4065 970 quae
4115 876 4395 972 priores

555 1007 876 1084 editores
923 1008 1054 1102 hic,
1083 1007 1228 1082 illic
1291 1031 1528 1104 neque
1577 1007 1752 1080 satis
1803 1015 2145 1079 accurate
2189 1017 2487 1079 enotata
2517 1002 3007 1102 praebebant.
3109 1000 3224 1078 Ita
3264 1004 3541 1078 factum
3592 1017 3725 1092 est,
3778 1018 3859 1080 ut
3898 1009 4147 1084 multis
4192 1010 4393 1105 locis,

555 1167 744 1242 quae
806 1141 1138 1220 Iocundo
1187 1153 1474 1218 tantum
1519 1139 1914 1231 debentur,
1987 1163 2084 1213 ex
2141 1137 2521 1214 codicibus
2582 1137 2721 1212 sibi
2782 1138 3049 1237 ignotis
3092 1137 3356 1212 hausta
3418 1161 3579 1214 esse
3622 1151 3941 1237 putaret.
4038 1142 4397 1222 Luculen-

552 1278 930 1356 tissim‘um·
957 1277 1174 1370 huius
1221 1276 1326 1350 rei
1373 1277 1790 1374 exemplum
1837 1285 1952 1349 est
2001 1275 2228 1367 locus,
2283 1299 2503 1372 quem
2542 1273 2733 1348 infra
2781 1296 3187 1370 proponam
3234 1271 3391 1370 (lib.
3438 1271 3597 1365 VII,
3650 1299 3807 1374 cap.
3860 1276 3959 1377 6),
4022 1280 4145 1377 qui
4190 1294 4395 1358 totus

429 1441 439 1456 ·
554 1437 604 1488 a
641 1410 972 1486 Iocundo
1036 1422 1152 1486 est
1195 1411 1694 1510 interpolatus,
1743 1423 1819 1485 et
1851 1408 1946 1484 ad
1997 1433 2213 1506 quem
2257 1407 2661 1486 Schneider
2712 1407 2945 1505 (Tem.
2972 1406 3095 1495 III,
3142 1432 3216 1505 p.
3258 1409 3387 1502 61)
3438 1407 3619 1484 haec
3662 1423 4003 1488 annotatt
4062 1415 4391 1515 „Capitis

554 1548 772 1622 huius
841 1557 1124 1644 partem
1192 1547 1536 1621 omissam
1590 1569 1952 1642 nusquam
2007 1531 2350 1642 repetunt
2399 1542 2565 1617 libri
2625 1562 3028 1629 manuscr„
3116 1555 3197 1618 ut
3254 1541 3623 1618 Iocundus
3680 1544 4073 1646 integriore
4138 1551 4389 1644 codice

555 1705 732 1756 usus
783 1705 942 1756 esse
979 1679 1337 1772 videatur,
1383 1679 1576 1754 unde
1623 1678 1812 1755 eruit
1843 1678 2432 1778 supplementum
2484 1675 2679 1752 haud
2712 1663 3349 1767 contemnendum,
3402 1676 3602 1775 quod
3642 1679 3851 1755 deest
3900 1682 3975 1754 in
4014 1684 4391 1762 codicibus

555 1815 844 1914 scriptis
887 1814 1241 1912 reliquis.”
1341 1814 1558 1890 Peius
1609 1815 1828 1891 etiam
1871 1826 2004 1902 est,
2081 1811 2280 1910 quod
2327 1810 2589 1886 eodem
2654 1811 2727 1884 in
2774 1813 2941 1886 loco
3008 1811 3273 1888 accidit
3326 1812 3655 1901 Marini0,
3734 1815 3876 1912 qui,
3948 1835 4390 1918 quamquam

555 1949 1002 2048 amplissimo
1047 1963 1402 2049 apparatu
1455 1950 1707 2024 critico
1751 1949 2148 2022 instructus
2183 1959 2359 2034 erat,
2409 1971 2571 2020 eam
2618 1946 2835 2020 huius
2862 1947 3121 2044 capitis
3160 1959 3465 2046 partem,
3520 1972 3707 2046 quae
3754 1963 3916 2026 tota
3951 1976 3998 2025 a
4056 1951 4388 2032 Iocundo

553 2086 729 2160 ficta
801 2095 878 2160 et
957 2085 1399 2184 interpolata
1465 2096 1611 2176 est,
1690 2083 2124 2158 coniecturis
2201 2081 2592 2156 emendare
2662 2092 2743 2156 et
2798 2082 3125 2179 expolire
3180 2080 3459 2158 studuit
3520 2081 3722 2181 (vol.
3780 2085 3883 2178 11,
3976 2113 4045 2187 p.
4110 2091 4205 2163 98
4270 2091 4387 2166 ed.

417 2189 444 2246 ³
553 2218 868 2316 Marini).

693 2391 700 2399 ·
757 2353 987 2427 Multo
1033 2349 1601 2426 emendatiorem
1651 2352 1794 2426 iam
1835 2349 2110 2425 dudum
2155 2349 2660 2426 habuissemus
2706 2349 3143 2439 Vitruvium,
3186 2351 3247 2424 si
3288 2346 3575 2426 Carolus
3600 2353 3749 2426 Fea
3792 2351 4165 2452 promissis
4192 2371 4389 2436 stare

555 2451 936 2588 potuisset.
1043 2485 1116 2560 Is
1173 2486 1366 2560 enim
1407 2486 1844 2585 comparatis
1914 2486 2210 2586 triginta
2257 2485 2635 2561 codicibus
2702 2509 2971 2563 novam
3018 2485 3409 2562 editionem
3456 2488 3779 2562 criticam
3820 2515 3899 2566 se
3961 2507 4387 2589 paraturum

557 2647 720 2698 esse
769 2622 1104 2721 promisit
1157 2622 1456 2720 eiusque
1509 2595 1752 2720 operis
1807 2617 2033 2696 edidit
2075 2620 2443 2719 specimen
2492 2621 2867 2720 egregium
2883 2619 3025 2720 ”),
3068 2620 3199 2696 sed
3243 2633 3503 2721 postea
3550 2648 3737 2721 opus
3778 2624 4199 2703 inchoatum
4235 2654 4387 2708 non

551 2756 882 2856 perfecit.

751 2891 1030 2981 Restat,
1105 2902 1185 2964 ut
1231 2889 1470 2965 dicam
1511 2887 1604 2964 de
1653 2889 1954 2987 copiosa
2013 2899 2088 2964 et
2159 2887 2545 2988 splendida
2608 2888 2951 2982 editione,
3016 2913 3233 2989 quam
3302 2891 3575 2989 publici
3632 2891 3810 2969 iuris
3866 2895 4041 2971 fecit
4094 2895 4385 2975 Mamm.

555 3024 720 3101 Iure
769 3028 1102 3126 profecto
1167 3025 1288 3099 hic
1335 3016 1762 3099 confirmare
1805 3024 2044 3122 potuit
2093 3049 2172 3099 se
2212 3049 2469 3121 neque,
2496 3027 2815 3123 sumptui
2860 3048 3097 3124 neque
3138 3025 3372 3100 labori
3418 3028 3853 3126 pepercisse.
3958 3029 4143 3105 Nam
4184 3058 4385 3135 egre·

552 3160 674 3261 gia
715 3172 788 3235 et
849 3160 1294 3260 amplissima
1333 3160 1474 3235 sibi
1525 3159 1978 3259 comparavit
2035 3158 2454 3237 adiumenta
2506 3160 2759 3235 critica
2800 3172 2877 3234 et
2924 3160 3323 3260 exegetica.
3426 3160 3513 3235 In
3558 3162 3998 3261 explicando
4044 3164 4385 3245 Vitruvio

553 3320 774 3369 nemo
823 3296 1136 3371 maiores
1175 3294 1430 3371 laudes
1467 3306 1806 3370 meretur.
1909 3292 2150 3369 Minus
2179 3294 2483 3371 feliciter
2526 3296 2594 3370 ei
2622 3295 2977 3371 successit
3004 3318 3121 3371 ars
3155 3296 3425 3387 critica,
3467 3320 3613 3394 qua
3658 3301 3980 3397 auctoris
4010 3303 4125 3375 sui
4157 3304 4387 3379 verba

559 3430 948 3505 emendare
981 3442 1056 3505 et
1080 3432 1460 3505 restituere
1491 3428 1790 3505 studuit.
1843 3428 2028 3505 Nam
2057 3432 2467 3529 quicunque
2498 3430 2760 3505 leviter
2790 3440 3073 3514 tantum
3102 3430 3542 3531 farraginem
3572 3434 3933 3507 variarum
3965 3436 4382 3527 lectionum,

563 3591 781 3664 quam
839 3568 910 3641 in
959 3566 1303 3640 volumen
1367 3564 1660 3639 tertium
1719 3564 2104 3665 congessit,
2177 3566 2595 3664 inspexerit,
2672 3564 2885 3639 facile
2937 3563 3215 3639 videbit
3292 3590 3459 3641 eum
3510 3568 3585 3639 in
3640 3580 3796 3643 arte
3850 3570 4103 3643 critica
4176 3573 4382 3672 sequi

559 3702 918 3777 rationem
961 3701 1398 3793 eclecticam,
1446 3725 1590 3798 qua
1632 3700 1837 3799 peior
1887 3701 2192 3801 cogitari
2219 3700 2490 3798 nequit.
2557 3700 2949 3774 Praeterea
2976 3700 3051 3773 in
3084 3724 3405 3775 errorem
3441 3702 4008 3777 infelicissimum
4042 3706 4380 3781 inductus

553 3848 668 3913 est
705 3861 938 3935 prava
977 3848 1052 3911 et
1095 3836 1508 3935 neglegenti
1569 3834 1842 3911 codicis
1885 3836 2366 3911 Bononiensis
2409 3835 2822 3911 collatione.
2924 3833 3091 3932 Ipse
3138 3834 3395 3911 Marini
3440 3834 3617 3911 dicit
3629 3835 3786 3929 m)
3832 3840 4148 3914 eminere
4190 3842 4383 3917 inter

555 3996 806 4047 omnes
865 3970 1193 4051 codicem
1241 3970 1798 4063 Bononiensem,
1861 3994 2080 4068 quem
2137 3970 2304 4047 ideo
2370 3970 2829 4069 potissimum
2890 3982 3187 4045 secutus
3252 3981 3383 4045 est.
3506 3970 3653 4047 Sed
3711 3974 3853 4047 iam
3900 3974 4043 4047 alio
4119 3974 4290 4051 loco
4304 3976 4381 4076 †)

553 4106 1052 4182 demonstravi
1091 4106 1366 4181 nullam
1409 4130 1568 4181 esse
1613 4106 1828 4181 huius
1875 4105 2143 4181 codicis
2187 4106 2706 4205 praestantiam
2751 4128 3145 4204 omnesque
3190 4106 3589 4204 peculiares
3621 4107 3987 4195 lectiones,
4054 4134 4241 4206 quae
4286 4136 4381 4185 ex

554 4268 646 4318 eo
691 4253 1102 4332 enotantur,
1155 4240 1536 4317 socordiae
1587 4252 1662 4315 et
1693 4241 2192 4341 neglegentiae
2227 4241 2382 4315 eius
2425 4239 2697 4329 deberi,
2746 4240 2867 4339 qui
2919 4241 2995 4313 in
3022 4240 3303 4315 Marinii
3346 4265 3559 4316 usum
3614 4242 3829 4317 huius
3860 4242 4135 4318 codicis
4167 4248 4384 4321 colla·

551 4378 828 4453 tionem
875 4376 1204 4451 instituit.
1309 4374 1474 4475 Ipse
1539 4401 1758 4476 saepe
1817 4376 2154 4459 manibus
2217 4377 2525 4453 tractavi
2586 4376 3070 4467 collationem,
3148 4400 3295 4473 qua
3350 4374 3609 4449 Marini
3659 4400 3833 4451 usus
3878 4388 4023 4472 est,
4094 4392 4170 4456 et
4234 4380 4380 4456 vidi

684 4688 738 4753 *)
771 4688 1162 4739 accuratiorem
1195 4686 1258 4737 de
1273 4686 1373 4739 hoc
1407 4687 1586 4741 codice
1621 4686 1856 4738 notitiam
1875 4684 2039 4740 debeo
2073 4687 2294 4738 eximiae
2327 4686 2719 4739 benevolentiae
2762 4684 3011 4737 Ἠιοοὼπ·
3042 4686 3377 4749 Mommsem'i,
3413 4690 3505 4753 qui
3526 4702 3643 4739 eum
3678 4688 3905 4756 inspexit
3936 4694 3988 4740 et
4020 4688 4385 4743 nonnullorum

555 4774 782 4839 capitum
817 4770 1146 4823 collationem
1181 4786 1383 4823 mecum
1417 4772 1838 4823 communicavit.
1905 4772 2022 4823 Non
2057 4787 2265 4839 possum
2280 4810 2294 4835 ,
2341 4772 2466 4839 quin
2500 4770 2601 4821 boc
2634 4770 2750 4823 loco
2794 4772 2951 4821 etism
2992 4772 3220 4837 Augusto
3252 4770 3577 4824 Baumeister
3620 4774 3933 4825 amicissimo
3976 4774 4169 4840 gratiss
4214 4791 4387 4842 agam,

559 4857 649 4921 qui
684 4863 736 4906 et
768 4864 990 4921 quatuor
1025 4854 1454 4916 Florentium-um,
1489 4857 1578 4920 qui
1612 4858 1666 4905 in
1703 4854 2021 4907 bibliotheca
2053 4856 2404 4908 Laurentisne
2438 4864 2785 4917 asservantur,
2820 4861 2871 4904 et
2905 4856 3059 4905 trium
3092 4856 3447 4907 Parisinorum
3482 4856 3721 4909 codicum
3756 4856 4147 4922 descriptionem
4180 4873 4386 4909 mecum

559 4940 964 4991 communicavit
995 4938 1465 5003 nonnullorumque
1497 4942 1724 5007 capitum
1759 4939 2088 4991 collationem
2121 4956 2292 4993 meum
2325 4941 2380 4991 in
2413 4952 2567 4989 usum
2600 4939 2843 4991 confecit.

659 5030 742 5097 Μ)
779 5032 884 5082 Fea
919 5038 1152 5099 progetto
1185 5047 1278 5097 per
1309 5047 1414 5081 una
1447 5046 1618 5083 nuova
1653 5032 1884 5085 edizione
1920 5032 2040 5085 dell’
2073 5034 2407 5085 architettura
2441 5030 2495 5081 di
2529 5031 2785 5085 Vitruvio.
2833 5033 2997 5085 Roma
3030 5025 3177 5085 1788.

622 5124 738 5190 m)
773 5122 890 5176 vol.
924 5126 968 5189 1,
1001 5140 1050 5191 p.
1085 5122 1332 5177 xxxm.

687 5218 744 5283 †)
781 5218 976 5271 Annali
1009 5218 1130 5270 den·
1163 5218 1406 5269 Instituto
1437 5217 1796 5285 archeologico
1831 5216 1982 5283 1854,
2015 5234 2066 5286 p.
2101 5214 2184 5271 w.
